2109 2975
722 201 1131 246 EPISTULARUM
1167 204 1200 245 1.
1227 212 1244 243 1

234 309 289 357 50
311 315 490 358 mag-nn.
508 299 728 349 coronari
748 295 1029 349 contemnat
1050 298 1292 358 Olympia,
1315 299 1392 349 cui
1413 311 1539 357 spes,

310 375 387 422 cui
407 376 471 422 sii.
491 374 705 422 condicio
723 374 877 421 dulcis
897 374 1001 422 sine
1016 374 1216 430 pulvere
1237 374 1458 429 palmae?

309 449 467 496 Vilius
487 448 748 505 argentum
768 449 843 495 est
863 461 999 504 auro,
1020 447 1287 494 virtutibus
1305 461 1497 496 aurum.

312 523 323 543 ‘
344 522 386 569 O
402 522 544 579 civeS,
566 522 713 579 cives,
733 521 1012 578 quaerenda
1029 520 1238 577 pecunia
1254 521 1465 577 primum
1484 522 1561 569 esis
1580 540 1592 577 3

310 595 466 642 virizus
486 596 596 651 post
614 608 839 642 nummos
857 613 870 642 ε
889 594 901 614 ’
931 593 1051 641 haec
1072 594 1225 641 Ianus
1243 607 1460 641 summus
1480 593 1542 641 ab
1561 593 1657 641 imo

232 679 286 726 55
310 669 553 726 prodocet,
577 666 695 715 haec
712 666 938 716 recinunt
955 666 1154 714 iuvenes
1175 667 1361 715 dictaiza
1381 680 1629 724 senesque,

310 741 447 789 laevo
465 741 685 797 suspensi
704 740 885 788 loculos
904 737 1220 796 tabulamque
1240 739 1442 788 lacerto.

311 815 406 862 Est
425 814 615 861 animus
634 811 741 870 fibi,
763 814 881 861 sunt.
900 826 1057 860 mores
1078 814 1130 860 eb
1149 811 1320 870 lingua
1339 812 1550 869 fidesque
1569 831 1581 868 ;

311 888 397 936 sed
416 885 784 944 quadringentis
804 900 891 934 sex
909 887 1097 942 septem
1119 884 1255 932 milia
1273 885 1479 942 desuntg

311 960 445 1017 plebs
464 960 576 1007 eris,
635 960 704 1006 At
724 958 862 1015 pueri
880 957 1125 1015 ludentes,
1148 957 1163 980 ⁶
1176 958 1286 1005 Rex
1303 959 1431 1015 eris,’
1456 958 1612 1015 aiunt,

233 1037 290 1082 60
313 1034 327 1056 ‘
354 1034 405 1081 Si
424 1035 556 1081 recte
575 1032 758 1080 facies)
820 1031 919 1079 Hic
940 1045 1113 1078 murus
1133 1034 1313 1080 ae'neus
1331 1032 1452 1088 esbo,

311 1107 381 1155 nil
408 1105 622 1154 conscire
641 1106 746 1163 sibi,
763 1103 902 1152 nulla
920 1104 1185 1161 pallescere
1206 1104 1368 1160 culpa.

310 1181 503 1237 Roscia,
525 1180 610 1227 dic
620 1178 772 1236 sodes,
795 1177 965 1226 melior
983 1176 1065 1225 lex
1084 1192 1148 1225 an
1167 1192 1429 1234 puerorum
1456 1178 1532 1226 est

312 1252 475 1308 nenia,
498 1266 622 1308 quae
643 1266 852 1309 regnum
869 1252 1004 1298 recte
1022 1249 1317 1298 facientibus
1337 1250 1501 1307 offert,

310 1328 362 1373 et
378 1325 594 1372 maribus
615 1324 774 1374 Curiis
794 1326 846 1373 et
865 1323 1131 1371 decantata
1151 1322 1405 1371 Camillis?

232 1408 287 1462 65
312 1400 425 1446 Isne
444 1398 535 1446 izibi
554 1397 725 1445 melius
746 1396 919 1444 suadet
937 1396 1037 1453 qui,
1059 1411 1162 1444 rem
1183 1396 1352 1453 facias,
1374 1412 1495 1454 rem,

311 1473 353 1521 si
372 1472 523 1530 possis
545 1472 696 1529 recffie,
719 1470 759 1519 si
779 1485 895 1528 non,
918 1484 1223 1528 quocumque
1243 1470 1385 1518 modo
1402 1485 1525 1528 rem,

312 1549 368 1594 ut
388 1545 584 1603 propius
603 1547 789 1601 species
809 1544 1067 1593 lacrimosa
1084 1546 1312 1600 poemata
1331 1543 1474 1600 Pupi,

312 1636 376 1666 an
397 1619 479 1675 qui
499 1620 746 1666 Fortunae
765 1619 817 1666 te
837 1632 1125 1674 responsare
1144 1616 1379 1673 superbae

310 1693 518 1741 liberum
538 1693 588 1739 et
606 1694 822 1740 erectum
841 1705 1072 1748 praesens
1090 1691 1318 1738 hortatur
1337 1691 1388 1738 et
1408 1691 1584 1746 aptat?

232 1785 290 1827 70
314 1765 495 1823 Quodsi
515 1779 592 1813 me
610 1763 817 1821 populus
836 1765 1087 1812 Romanus
1107 1764 1234 1811 fori-‚e
1251 1765 1408 1820 rogess,
1431 1777 1521 1809 cur

313 1854 413 1887 non
432 1840 490 1886 ut
510 1837 770 1894 porticibus
790 1837 858 1885 sic
877 1837 1066 1885 indiciis
1085 1837 1227 1884 fruar
1244 1837 1416 1892 isdem,

313 1928 403 1960 nec
425 1926 599 1968 sequar
618 1912 706 1959 aut
724 1910 914 1967 fugiam
934 1925 1059 1967 quae
1079 1909 1240 1966 diligit
1256 1910 1362 1966 ipse
1379 1908 1458 1956 vel
1478 1909 1596 1966 odit,

315 1985 429 2033 olim
449 1985 576 2041 quod
596 1984 767 2040 vulpes
787 1985 987 2040 aeg-roto
1006 1985 1154 2031 caussa
1172 1982 1299 2031 leoni

314 2057 563 2114 respondit
580 2058 791 2105 referam
811 2077 825 2104 ι
857 2057 869 2078 ‘
888 2056 1015 2113 Quia
1034 2070 1112 2104 me
1132 2054 1339 2112 vestigia
1357 2057 1564 2111 bemont,

235 2147 291 2194 75
316 2131 480 2180 omnia
497 2134 548 2179 te
566 2130 823 2178 adversum
844 2129 1136 2187 spectanizia,
1157 2129 1294 2177 nulla
1312 2128 1616 2177 retrorsum.'

317 2205 475 2253 Belua
489 2203 755 2252 multorum
767 2218 819 2251 es
834 2203 1070 2259 capitum.
1129 2203 1259 2250 Nam
1275 2200 1391 2257 quid
1404 2215 1576 2258 sequar
1588 2202 1675 2249 aut

430 2293 571 2335 quem
585 2280 605 2325 Ρ

320 2354 442 2400 Pars
462 2350 713 2399 hominum
732 2349 883 2407 gestit
903 2350 1170 2397 conducere
1189 2348 1400 2406 publica,
1422 2350 1539 2397 sunt
1557 2346 1640 2404 qui

318 2426 492 2475 frusffis
512 2428 563 2474 et
578 2425 734 2483 pomis
754 2424 925 2472 viduas
944 2425 1185 2470 venentur
1204 2437 1394 2478 avaras,

896 2515 938 2550 78
979 2513 1122 2550 crustis

421 2573 439 2620 t
459 2585 530 2622 239
549 2574 567 2620 1
