2109 2975
810 204 919 246 Ans
954 202 1198 246 POETIOA

222 315 305 364 350
328 317 416 351 nec
437 318 625 360 semper
644 301 788 351 feriet
808 301 1125 359 quodcunque
1147 300 1414 351 minabitur
1434 317 1592 351 arcus.

330 375 511 423 Verum
533 376 615 422 ubi
635 375 778 432 plura
797 376 957 423 nitent
977 375 1027 422 in
1056 374 1270 423 carmine
1290 390 1387 422 non
1407 390 1496 431 ego
1514 375 1681 432 paucis

328 449 548 495 offendar
566 449 783 506 maculis,
805 463 924 505 quas
944 450 1032 496 aut
1052 448 1241 495 incuria
1260 448 1390 496 fudit

329 525 417 569 aut
436 522 651 569 humana
670 537 842 578 parum
865 521 994 569 cavit
1014 524 1212 570 natura.
1274 522 1401 579 Quid
1421 537 1536 579 ergo
1556 524 1663 570 est?

330 594 400 642 Ut
421 595 629 651 scriptor
649 595 689 642 si
708 596 877 651 peccat
896 594 1022 642 idem
1043 594 1272 642 librarius
1294 609 1446 651 usque

221 683 303 731 355
329 668 547 724 quamvis
568 670 643 715 est
664 668 877 716 monitus
898 670 1040 715 venia
1061 670 1196 715 caret
1219 688 1230 724 ς
1261 670 1319 716 ut
1340 668 1648 718 citharoedus

327 741 515 789 ridetur
533 742 712 789 chorda
732 741 814 797 qui
834 756 1023 797 semper
1041 741 1237 790 oberrat
1257 742 1455 791 eadem:

328 814 394 862 sic
415 815 532 862 mihi
553 814 634 871 qui
654 815 864 861 multum
885 817 1042 863 cessat
1062 815 1119 862 fit
1140 814 1393 863 Choerilus
1413 816 1513 873 ille,

327 903 469 943 quem
489 888 562 935 bis
582 891 751 944 terque
771 888 951 935 bonum
973 903 1084 935 cum
1104 888 1207 935 risu
1227 887 1378 936 miror
1395 907 1409 946 3
1436 890 1488 936 et
1506 889 1634 936 idem

326 961 551 1018 indignor
570 961 852 1017 quandoque
871 960 1026 1009 bonus
1046 960 1281 1009 dormitat
1301 962 1546 1010 Homerus
1564 982 1576 1019 ς

219 1035 305 1090 360
326 1049 496 1082 verum
517 1034 649 1090 operi
667 1033 814 1091 longo
830 1033 907 1081 fas
927 1035 1003 1081 est
1021 1032 1250 1090 obrepere
1271 1049 1510 1083 somnum.

328 1107 398 1155 Ut
418 1107 611 1163 pictura
632 1107 786 1162 poesis
807 1127 818 1154 ε
847 1107 939 1154 erit
960 1122 1084 1163 quae
1105 1107 1145 1153 si
1164 1107 1364 1163 propius
1384 1110 1482 1155 stes

326 1182 376 1227 te
397 1180 558 1235 capiat
579 1180 750 1237 magis,
771 1180 823 1227 et
842 1180 1081 1235 quaedam
1101 1179 1142 1228 si
1162 1178 1352 1237 longius
1374 1180 1551 1229 abstes.

328 1254 465 1301 Haec
485 1254 620 1300 amat
634 1252 908 1310 obscurum,
929 1253 1061 1301 volet
1081 1254 1200 1302 haec
1216 1254 1305 1301 sub
1326 1254 1432 1302 luce
1453 1255 1623 1312 videri,

326 1325 496 1373 iudicis
516 1327 749 1384 argutum
769 1340 891 1382 quae
910 1341 1009 1373 non
1029 1326 1262 1374 formidat
1284 1341 1487 1374 acumen
1506 1346 1520 1383 ;

218 1392 303 1447 365
326 1398 446 1447 haec
467 1398 650 1456 placuit
670 1397 833 1456 semel,
855 1398 974 1447 haec
995 1399 1152 1447 decies
1172 1398 1384 1454 repetita
1402 1398 1627 1455 placebit.

327 1472 370 1520 O
391 1472 543 1520 maior
561 1472 808 1529 iuvenum,
830 1472 1050 1529 quamvis
1071 1474 1122 1521 et
1141 1488 1257 1521 voce
1277 1475 1485 1530 paterna

326 1545 521 1601 fingeris
542 1545 604 1591 ad
623 1547 811 1593 rectum
832 1547 881 1593 et
902 1560 989 1601 per
1007 1547 1060 1593 te
1080 1546 1225 1602 sapis,
1246 1545 1337 1593 hoc
1357 1545 1447 1593 tibi
1466 1545 1650 1593 dictum

324 1618 440 1666 tolle
461 1633 659 1676 memor,
682 1619 827 1667 certis
848 1618 1061 1666 medium
1082 1621 1132 1666 et
1152 1618 1403 1666 tolerabile
1423 1619 1568 1667 rebus

326 1695 458 1740 recte
479 1692 689 1740 concedi.
751 1692 1014 1740 Consultus
1034 1691 1154 1739 iuris
1175 1694 1225 1740 et
1245 1694 1381 1740 actor

218 1773 304 1818 370
327 1780 583 1813 causarum
604 1765 852 1813 mediocris
873 1765 1011 1813 abest
1031 1765 1217 1813 virtute
1239 1765 1408 1813 diserti

327 1838 566 1886 Messalae
584 1853 673 1887 nec
693 1838 784 1887 scit
802 1840 1039 1895 quantum
1063 1839 1324 1886 Cascellius
1344 1839 1519 1895 Aulus,

327 1913 409 1959 sed
429 1912 664 1959 tamenin
684 1913 841 1967 pretio
859 1913 934 1959 est
955 1933 965 1958 ε
995 1911 1315 1960 mediocribus
1335 1926 1437 1959 esse
1459 1912 1611 1968 poetis

326 2001 424 2033 nou
443 1985 677 2043 homines,
699 1999 795 2031 non
816 1984 881 2041 di,
903 2000 1001 2032 non
1021 1999 1295 2033 concessere
1317 1985 1583 2033 columnae.

328 2059 400 2107 Ut
418 2060 587 2116 gratas
607 2058 736 2105 inter
755 2073 945 2106 mensas
966 2058 1254 2115 symphonia
1272 2059 1454 2106 discors

219 2140 304 2187 375
327 2133 378 2179 et
399 2146 614 2179 crassum
628 2132 932 2187 unguentum
945 2131 995 2177 et
1012 2131 1167 2178 Sardo
1182 2147 1291 2179 cum
1312 2130 1454 2178 melle
1468 2145 1680 2187 papaver

328 2205 598 2260 offendunt,
620 2205 814 2260 poterat
835 2203 944 2250 duci
963 2203 1078 2260 quia
1097 2219 1215 2251 cena
1235 2205 1335 2252 sine
1355 2205 1461 2251 istis
1482 2225 1493 2251 :

328 2277 395 2324 sic
416 2277 590 2324 animis
610 2279 781 2323 natum
801 2276 1149 2332 inventumque
1171 2282 1342 2332 poema
1361 2277 1601 2333 iuvandis,

328 2350 369 2396 si
390 2349 588 2406 paulum
609 2365 797 2397 summo
818 2349 1020 2397 decessit
1040 2350 1200 2406 vergit
1220 2350 1282 2397 ad
1302 2350 1470 2398 imum.

327 2423 517 2470 Ludere
538 2423 618 2477 qui
638 2423 793 2471 nescit
813 2423 1164 2479 campestribus
1185 2423 1399 2471 abstinet
1420 2424 1584 2479 armis,

903 2515 963 2545 358
1004 2514 1112 2548 terve

426 2569 565 2619 [303]
