2109 2975
1034 185 1257 226 HORATI

462 282 629 341 lectoS,
650 285 911 342 argentum
928 303 940 331 ι
967 279 1114 332 tollas
1133 285 1284 333 lieet?
1347 284 1360 306 ‘
1379 284 1441 331 In
1461 282 1661 332 manicis
1679 284 1732 332 et

463 356 769 414 compedibus
790 371 933 404 saevo
950 358 1000 405 te
1020 357 1111 405 sub
1131 357 1329 406 custode
1347 356 1556 406 tenebo.'

443 428 477 464 -‘
497 430 607 485 Ipse
627 429 762 486 deus,
783 428 1086 487 simulatque
1103 430 1280 488 volam,
1295 446 1372 478 me
1388 430 1576 479 solvet?
1637 430 1822 487 Opinor

460 502 550 551 hoo
573 503 738 559 sentit,
754 504 767 524 ‘
783 502 1001 551 Moriar.'
1036 500 1039 502 ’
1063 503 1200 551 Mors
1215 503 1390 551 ultima
1401 503 1530 552 linea
1543 518 1709 552 rerum
1724 506 1817 553 est.

1070 690 1218 739 XVII

461 796 740 855 QUAMVIS,
763 796 961 854 Scaeva,
982 796 1103 845 satis
1123 811 1211 854 per
1229 799 1280 845 te
1296 796 1386 845 tibi
1406 796 1631 855 consulis,
1651 798 1703 844 et
1723 796 1816 844 sois

459 886 554 927 quo
573 870 771 919 tandem
791 871 935 927 paeto
954 870 1124 919 deceat
1144 870 1405 920 maioribus
1426 870 1516 928 uti,

458 943 601 1003 disee,
623 944 866 993 doeendus
886 944 1046 993 adhue
1066 957 1190 1001 quae
1210 946 1374 994 censet
1393 943 1646 1001 amienlm,
1667 945 1725 991 ut
1744 943 1788 991 si

458 1033 627 1067 caecus
645 1018 742 1067 iter
760 1019 1032 1067 monstrare
1053 1018 1173 1066 velit
1191 1037 1205 1075 ς
1236 1019 1404 1066 tamen
1423 1018 1582 1074 aspioe
1604 1017 1645 1065 si
1663 1017 1779 1075 quid

407 1096 434 1143 5
457 1092 508 1138 et
528 1106 632 1149 nos,
655 1091 784 1148 quod
804 1106 943 1139 cures
964 1090 1214 1148 proprium
1234 1090 1420 1148 fecisse,
1442 1090 1715 1147 loquamur.

459 1164 510 1212 Si
529 1165 580 1212 to
597 1164 743 1221 grata
763 1163 895 1220 quies
916 1166 967 1212 et
986 1163 1194 1221 primam
1216 1164 1413 1212 somnus
1431 1164 1483 1211 in
1502 1163 1674 1213 horam

455 1236 683 1293 delectat,
706 1237 747 1284 si
766 1238 817 1284 te
836 1237 996 1293 pulvis
1016 1236 1344 1293 strepitusque
1363 1239 1603 1295 rotarum,
1646 1255 1651 1258 “

453 1310 494 1357 si
513 1309 664 1357 laedit
685 1324 921 1367 caupona,
944 1310 1265 1358 Ferentinum
1285 1309 1356 1357 ire
1375 1308 1564 1358 iubebo.

453 1381 585 1429 Nam
605 1398 758 1439 neque
779 1382 1008 1430 divitibus
1028 1382 1322 1439 contingunt
1341 1382 1522 1441 gaudia
1541 1382 1669 1441 solis,
1702 1403 1709 1406 ·

375 1470 429 1502 10
452 1470 541 1504 nee
563 1455 684 1504 vixit
703 1456 845 1514 male,
868 1456 949 1513 qui
969 1458 1118 1504 natus
1139 1455 1442 1513 moriensque
1461 1455 1656 1504 fefellit.

453 1529 505 1576 Si
525 1529 749 1586 prodesse
769 1530 868 1576 tuis
889 1529 1128 1586 pauloque
1148 1529 1403 1587 benignius
1423 1530 1582 1586 ipsum

450 1604 501 1649 te
520 1603 736 1651 tractare
758 1603 903 1661 voles,
926 1603 1121 1651 accedes
1142 1604 1297 1651 sieeus
1317 1604 1380 1651 ad
1400 1606 1620 1651 unctum.

452 1676 465 1697 ⁵
483 1675 534 1723 Si
553 1676 813 1731 pranderet
834 1677 940 1724 olus
961 1676 1223 1733 patienter,
1246 1677 1440 1734 regibus
1460 1677 1535 1724 uti

450 1748 598 1795 nollet
618 1749 934 1805 Aristippus.'
999 1749 1012 1770 ‘
1033 1748 1086 1796 Si
1105 1748 1252 1797 sciret
1272 1750 1468 1808 regibus
1488 1750 1579 1807 uti,

374 1837 390 1864 1
399 1833 425 1878 5
450 1822 693 1869 fastidiret
712 1823 818 1869 olus
838 1822 920 1877 qui
941 1836 1017 1869 me
1037 1823 1212 1870 notat.'
1275 1823 1450 1870 Utrius
1469 1822 1643 1871 horum

449 1896 597 1942 verba
617 1895 789 1951 probes
808 1897 859 1942 et
880 1895 1015 1942 facta
1035 1895 1169 1953 doee,
1192 1896 1269 1943 vel
1288 1897 1447 1944 iunior
1465 1896 1580 1944 audi

449 1984 537 2015 cur
556 1968 619 2015 sit
639 1967 878 2023 Aristippi
898 1968 1056 2024 potior
1079 1969 1323 2016 sententia
1340 1988 1351 2025 ;
1381 1985 1588 2025 namque

449 2041 723 2088 mordaeem
744 2041 979 2096 Cynicum
999 2041 1067 2089 sie
1087 2041 1332 2099 eludebat,
1354 2044 1411 2089 ut
1431 2042 1571 2090 aiunt
1593 2064 1604 2089 ι

450 2114 461 2134 ‘
483 2114 689 2161 Seurror
708 2128 797 2170 ego
815 2114 916 2170 ipse
938 2114 1073 2171 mihi,
1095 2114 1273 2171 populo
1293 2116 1352 2162 tu
1371 2135 1383 2171 ;
1411 2115 1592 2163 rectius
1612 2115 1702 2163 hoe
1721 2117 1771 2163 et

366 2200 423 2230 20
448 2185 742 2242 splendidius
752 2187 907 2236 multo
920 2189 1010 2235 est.
1052 2188 1221 2243 Equus
1233 2189 1291 2234 ut
1300 2203 1377 2236 me
1389 2190 1570 2245 portet,
1584 2188 1686 2236 alat
1697 2204 1783 2236 rex

446 2259 652 2307 officium
671 2259 822 2308 facio:
852 2263 909 2308 tu
929 2260 1084 2318 poscis
1104 2261 1233 2318 vilia,
1255 2276 1425 2308 verum

446 2333 593 2381 dante
614 2333 785 2390 minor,
808 2334 1027 2390 quamvis
1047 2334 1148 2381 fers
1167 2335 1218 2382 te
1237 2334 1419 2382 nullius
1439 2336 1697 2390 egentem?

446 2407 615 2455 Omnis
636 2407 939 2463 Aristippum
960 2407 1122 2454 decuit
1143 2407 1273 2455 color
1292 2409 1342 2454 et
1363 2408 1522 2455 status
1543 2408 1592 2456 et
1613 2422 1706 2464 reS,

958 2500 996 2530 21
1039 2495 1137 2531 vilia
1150 2505 1281 2531 rerum

541 2553 556 2599 [
574 2555 646 2603 264
664 2553 678 2598 ]
