2109 2975
640 201 1050 245 EPISTULARUM
1088 204 1123 245 1.
1148 212 1221 250 κη,
1246 212 1326 245 xm

294 316 418 360 quae
467 315 604 349 mare
660 303 971 358 compescant
1018 316 1210 360 causae,
1251 301 1369 360 quid
1413 304 1654 362 temperet

407 389 608 431 annum,

295 448 463 496 stellae
484 448 657 503 sponte
677 462 767 495 sua
782 447 1007 496 iussaene
1026 450 1274 506 vagentur
1292 451 1343 497 et
1363 451 1547 506 errent,

293 522 410 579 qnid
429 522 621 578 premat
640 520 900 569 obscurum
920 521 1083 580 lunae,
1104 521 1221 579 quid
1234 524 1455 579 proferat
1465 525 1650 582 orbem,

291 595 407 650 qnid
425 594 546 641 velit
564 594 616 640 et
635 593 788 649 possit
806 608 970 641 rerum
992 595 1251 643 concordia
1268 596 1469 654 discere,

211 680 269 712 20
292 666 612 724 Empedocles
631 681 696 713 an
717 666 1008 715 Stertinium
1028 668 1205 716 deliret
1224 684 1446 718 acumen.

291 742 493 798 Verum,
516 755 601 788 seu
621 739 774 796 pisces
795 755 882 788 seu
901 756 1099 797 porrum
1119 743 1170 789 et
1191 757 1335 799 caepe
1356 744 1591 802 trucidas,

289 816 429 862 utere
449 813 680 870 Pompeio
700 813 942 871 Grospho,
960 815 1011 862 et
1032 814 1210 871 siquid
1229 818 1364 872 petet
1383 817 1518 865 ultro

289 887 425 937 defer
443 907 455 944 ς
485 887 556 935 nil
576 885 828 943 Grosphus
847 887 941 934 nisi
960 902 1132 936 verum
1153 888 1312 936 orabit
1333 890 1383 937 et
1404 905 1633 948 aequum.

290 961 413 1011 Vilis
433 961 699 1010 amicorum
718 962 793 1008 est
813 976 1008 1009 annona
1024 961 1163 1009 bonis
1183 961 1268 1010 ubi
1286 962 1403 1019 quid
1423 964 1574 1014 deest.

205 1040 265 1088 25
289 1035 365 1083 Ne
383 1036 550 1083 tamen
567 1034 761 1090 ignores
781 1048 876 1089 quo
896 1033 960 1082 sit
980 1034 1206 1082 Romana
1223 1034 1328 1084 loco
1346 1050 1424 1084 res
1445 1057 1458 1085 x

288 1109 536 1157 Cantaber
553 1107 819 1164 Agrippae,
843 1106 1019 1154 Claudi
1038 1107 1226 1155 virtute
1246 1108 1457 1157 Neronis

286 1176 549 1226 Armenius
569 1176 743 1225 cecidit
761 1195 774 1232 3
805 1175 880 1222 ius
899 1175 1252 1233 imperiumque
1273 1175 1512 1227 Phraates

288 1249 509 1298 Caesaris
528 1248 715 1305 accepit
734 1248 939 1305 genibus
959 1250 1119 1298 minor
1138 1269 1150 1306 3
1182 1266 1332 1300 aurea
1350 1250 1519 1310 fruges

287 1322 462 1371 Italiae
482 1322 624 1380 pleno
645 1322 870 1370 defundit
891 1323 1043 1379 Copia
1063 1337 1228 1373 cornu.

893 1509 1028 1557 ΧΙῙΙΔ

287 1619 370 1669 U¹r
391 1617 772 1675 proficiscentem
792 1617 931 1666 docui
948 1623 999 1665 te
1020 1631 1162 1674 saepe
1182 1617 1375 1674 diuque,

286 1694 513 1749 Augusto
531 1692 700 1740 reddes
721 1692 917 1749 signata
932 1690 1199 1748 volumina,
1221 1691 1356 1748 Vini,

285 1767 328 1814 si
345 1765 553 1822 validus,
575 1766 615 1812 si
635 1766 792 1813 laetus
813 1765 925 1821 erit,
946 1764 986 1811 si
1006 1762 1210 1820 denique
1230 1766 1394 1820 poscet
1411 1784 1423 1821 ς

284 1854 347 1887 ne
365 1839 527 1887 studio
545 1839 702 1887 nostri
722 1853 888 1895 pecces
907 1836 1165 1893 odiumque
1183 1836 1357 1885 libellis

233 1926 261 1972 5
285 1912 481 1960 sedulus
500 1913 731 1968 importes
750 1925 899 1967 opera
916 1910 1200 1959 vehemente
1222 1910 1456 1960 minister.

286 1986 339 2034 Si
357 1988 408 2035 te
429 1986 557 2033 forte
577 2000 711 2034 meae
729 1985 895 2042 gravis
913 1986 1026 2032 uret
1045 1983 1238 2032 sarcina
1257 1984 1472 2041 chartae,

284 2060 463 2108 abicito
484 2059 643 2115 potius
663 2074 807 2115 quam
828 2073 923 2115 quo
941 2057 1159 2114 perferre
1177 2057 1356 2106 iuberis

284 2132 489 2181 clitellas
509 2132 643 2180 ferus
661 2132 918 2189 impingas,
938 2130 1212 2187 Asinaeque
1234 2133 1491 2187 paternum

282 2220 548 2264 cognomen
566 2207 731 2253 vertas
749 2205 801 2253 in
819 2205 969 2253 risum
990 2206 1041 2252 et
1061 2204 1229 2252 fabula
1247 2204 1353 2253 fias.

203 2298 262 2330 10
283 2278 483 2328 Viribus
501 2279 655 2327 uteris
675 2293 765 2335 per
784 2278 947 2334 clivos,
969 2277 1188 2334 flumina,
1208 2277 1380 2326 lamas.

282 2353 454 2402 Victor
472 2352 704 2410 propositi
722 2352 866 2399 simul
885 2367 942 2398 ac
963 2351 1233 2407 perveneris
1253 2350 1383 2407 illuc,

282 2427 350 2475 sie
370 2426 581 2482 positum
601 2424 814 2473 servabis
834 2439 973 2481 onus,
993 2440 1055 2472 ne
1076 2423 1205 2472 forte
1224 2424 1312 2472 sub
1332 2424 1412 2473 ala

280 2497 567 2548 fasciculum
588 2500 750 2556 portes
768 2497 1002 2545 librorum
1022 2499 1081 2545 nt
1099 2497 1309 2546 rusticus
1329 2511 1531 2554 agnum,

379 2571 395 2620 t
415 2570 520 2621 ²57]
1457 2570 1540 2618 [1]
