2109 2975
1002 204 1223 245 HORATI

439 301 746 359 grammatici
772 302 965 349 certant
984 302 1036 349 et
1056 301 1216 349 adhuc
1237 300 1327 348 sub
1345 301 1503 350 iudice
1522 301 1584 349 lis
1601 303 1693 350 est.

440 375 786 424 Archilochum
806 375 1002 433 proprio
1020 376 1179 424 rabies
1199 375 1410 423 armavit
1438 374 1598 424 iambo
1615 394 1627 432 3

361 454 419 497 80
440 448 569 496 hunc
589 448 714 496 socci
734 463 902 505 cepere
924 449 1096 505 pedem
1115 449 1418 507 grandesque
1439 447 1682 505 cothurni,

442 522 643 571 alternis
663 523 834 579 aptum
856 522 1156 571 sermonibus
1177 525 1226 571 et
1247 521 1503 579 populares

440 595 714 644 vincentem
734 595 969 652 strepitus
989 596 1041 642 et
1061 597 1235 642 natum
1255 595 1402 643 rebus
1422 594 1635 652 agendis.

442 667 588 715 Musa
606 667 739 716 dedit
760 667 934 716 fidibus
955 668 1092 717 divos
1113 683 1380 726 puerosque
1401 668 1598 716 deorum

441 741 491 788 et
510 740 723 796 pugilem
743 740 975 790 victorem
995 743 1047 789 et
1067 756 1244 798 equum
1264 740 1529 789 certamine
1549 739 1762 797 primum

361 821 416 874 85
440 813 491 861 et
509 812 737 861 iuvenum
758 829 902 862 curas
921 817 972 862 et
993 815 1147 863 libera
1165 815 1281 862 vina
1299 814 1501 863 referre.

442 887 725 944 Descriptus
747 903 938 936 servare
958 888 1087 936 vices
1107 903 1401 945 operumque
1421 886 1601 935 colores

442 974 531 1007 cur
548 975 638 1017 ego
658 961 698 1008 si
718 976 900 1017 nequeo
920 961 1202 1018 ignoroque,
1223 962 1369 1018 poeta
1389 959 1606 1007 salutor?

443 1033 546 1082 Cur
562 1033 745 1082 nescire
764 1034 950 1090 pudens
971 1048 1120 1090 prave
1141 1049 1285 1090 quam
1306 1034 1490 1081 discere
1509 1033 1669 1080 malo?

442 1107 675 1155 Versibus
696 1108 868 1164 exponi
883 1108 1084 1164 tragicis
1103 1122 1183 1155 res
1203 1107 1385 1155 comica
1404 1121 1502 1155 non
1523 1106 1630 1154 vult
1649 1125 1662 1164 ;

362 1199 420 1243 90
442 1180 727 1238 indignatur
745 1181 863 1228 item
884 1181 1090 1236 privatis
1111 1195 1167 1228 ac
1187 1195 1336 1237 prope
1356 1195 1493 1229 socco

442 1253 601 1310 dignis
620 1253 913 1302 carminibus
932 1253 1126 1302 narrari
1146 1269 1266 1302 cena
1286 1254 1544 1311 Thyestae.

444 1327 647 1383 Singula
665 1341 878 1383 qumque
898 1326 1057 1375 locum
1077 1329 1280 1376 teneant
1299 1328 1476 1376 sortita
1495 1327 1765 1375 decentem.

443 1400 697 1448 Interdum
718 1402 884 1449 tamen
904 1403 954 1449 et
973 1416 1139 1449 vocem
1161 1401 1406 1449 comoedia
1424 1400 1572 1458 tollit,

442 1473 690 1531 iratusque
712 1474 940 1524 Chremes
961 1474 1150 1523 tumido
1170 1474 1394 1534 delitigat
1414 1490 1494 1523 ore
1514 1494 1527 1532 3

364 1561 422 1611 95
444 1548 496 1595 et
513 1547 728 1605 tragicus
751 1548 1033 1605 plerumque
1052 1548 1185 1597 dolet
1205 1564 1423 1597 sermone
1442 1547 1654 1604 pedestri

446 1620 687 1677 Telephus
705 1623 755 1669 et
777 1621 969 1679 Peleus,
991 1637 1102 1669 cum
1124 1638 1311 1680 pauper
1329 1624 1381 1670 et
1401 1620 1537 1671 exsul
1556 1623 1761 1677 uterque

446 1694 617 1750 proicit
637 1695 874 1751 ampullas
895 1696 947 1743 et
968 1696 1319 1753 sesquipedalia
1336 1695 1501 1753 verba,

446 1767 487 1815 si
507 1769 647 1815 curat
668 1783 752 1815 cor
772 1769 1039 1824 spectantis
1061 1770 1279 1827 tetigisse
1298 1768 1526 1826 querella.

446 1841 559 1889 Non
580 1840 698 1887 satis
718 1841 793 1888 est
813 1841 1020 1898 pulchra
1037 1857 1141 1890 esse
1160 1843 1416 1898 poemata3
1444 1839 1605 1888 dulcia
1624 1839 1785 1896 sunto,

344 1936 426 1968 100
446 1915 498 1963 et
517 1928 815 1971 quocumque
836 1915 1001 1963 volent
1023 1915 1241 1962 animum
1261 1913 1495 1962 auditoris
1515 1913 1715 1970 agunto.

447 1987 519 2035 Ut
538 1986 806 2035 ridentibus
827 1988 1065 2045 arrident,
1085 1988 1158 2035 ita
1176 1988 1407 2036 flentibus
1427 1987 1607 2034 adsunt

445 2059 648 2107 humani
668 2060 861 2109 vultus:
894 2062 935 2109 si
956 2061 1029 2108 vis
1050 2076 1128 2110 me
1148 2061 1278 2118 flere,
1300 2060 1555 2109 dolendum
1575 2061 1651 2107 est

447 2133 658 2189 primum
678 2134 770 2190 ipsi
788 2135 908 2182 tibi:
936 2136 1056 2181 tunc
1076 2136 1166 2182 tua
1184 2150 1262 2182 me
1280 2133 1551 2182 infortunia
1567 2132 1781 2188 laedent,

450 2207 661 2262 Telephe
680 2207 759 2255 vel
778 2208 927 2256 Peleu
943 2227 955 2265 3
987 2208 1115 2255 male
1134 2208 1173 2255 si
1193 2207 1427 2255 mandata
1444 2205 1651 2263 loqueris

347 2293 425 2339 105
449 2281 537 2327 aut
557 2280 827 2328 dormitabo
846 2281 934 2328 aut
953 2279 1136 2328 ridebo.
1198 2280 1384 2327 Tristia
1402 2280 1642 2327 maestum

448 2352 640 2400 vultum
662 2354 811 2402 verba
830 2354 1020 2411 decent,
1042 2353 1225 2401 iratum
1246 2353 1391 2409 plena
1409 2352 1669 2409 minarum,

449 2424 696 2475 ludentem
715 2427 912 2483 lasciva,
935 2441 1156 2474 severum
1178 2426 1304 2474 seria
1321 2426 1470 2474 dictu.

992 2517 1033 2551 92
1075 2514 1259 2552 decenter

554 2570 571 2617 [
586 2585 659 2622 294
675 2572 691 2618 ]
