2109 2975
767 200 1107 243 SATIRARUM
1145 203 1179 243 1.
1205 210 1252 242 IV

325 302 539 350 viverem
560 302 636 349 uti
656 300 913 349 contentus
933 316 989 348 eo
1009 302 1135 356 quod
1154 302 1222 348 mi
1241 301 1342 359 ipse
1362 305 1584 357 parasset
1605 323 1617 348 ε

331 376 343 397 ‘
361 390 522 423 nonne
542 375 676 422 vides
698 374 811 421 Albi
831 377 888 420 ut
909 374 1034 421 male
1054 373 1189 421 vivat
1207 375 1350 432 filius,
1367 376 1516 431 utque

225 464 303 496 110
325 449 478 496 Baius
494 449 631 503 inops
644 450 663 495 Ρ
676 448 913 504 Magnum
927 447 1270 495 documentum
1286 464 1346 495 ne
1360 448 1569 504 patriam
1582 463 1684 495 rem

326 522 528 577 perdere
550 521 655 577 quis
675 520 827 568 velit.'
888 521 935 567 A
954 520 1092 575 turpi
1119 521 1387 567 meretricis
1408 536 1571 568 amore

326 612 436 643 cum
457 596 728 643 deterreret
747 614 759 642 ε
791 595 803 616 ‘
819 594 1015 641 Scetani
1026 593 1278 641 dissimilis
1298 594 1397 642 sis.'

325 669 402 716 Ne
423 683 649 725 sequerer
666 666 892 715 moechas
912 682 1138 714 concessa
1157 683 1265 714 cum
1286 683 1462 715 venere
1481 668 1556 714 uti

324 757 542 797 possem:
577 741 588 763 ‘
608 740 849 797 Deprensi
867 756 967 787 non
987 740 1116 787 bella
1133 742 1210 787 est
1227 740 1362 787 fama
1380 741 1623 798 Treboni‚'

223 833 301 878 115
325 815 502 863 aiebat.
565 815 578 836 ‘
600 814 818 870 Sapiens,
840 814 1002 861 vitatu
1021 814 1228 869 quidque
1249 814 1409 869 petitu

325 889 390 936 sit
409 888 597 945 melius,
620 902 789 935 causas
810 886 982 933 reddet
1002 886 1122 933 tibi:
1154 886 1221 932 mi
1241 887 1359 934 satis
1378 886 1452 934 est
1473 887 1515 933 si

322 961 562 1008 traditum
583 961 645 1007 ab
664 961 878 1015 antiquis
899 975 1082 1006 morem
1103 975 1298 1006 servare
1317 962 1567 1017 tuamque,

324 1035 441 1081 dum
462 1034 675 1081 custodis
696 1048 826 1092 eges,
843 1033 996 1079 vitam
1016 1032 1291 1088 famamque
1311 1033 1438 1079 tueri

321 1107 611 1155 incolumem
631 1101 827 1163 possum
846 1126 858 1161 3
887 1101 1033 1152 simul
1052 1120 1109 1151 ac
1129 1105 1379 1152 duraverit
1399 1107 1536 1152 aetas

221 1198 303 1229 120
326 1179 542 1227 membra
587 1179 898 1235 animumque
935 1179 1097 1235 tuum,
1137 1177 1277 1224 nabis
1317 1178 1419 1225 sine
1465 1179 1677 1227 cortice.'

439 1253 518 1301 Sic
537 1268 614 1299 mc

323 1326 568 1374 formabat
586 1339 793 1382 puerum
815 1325 984 1381 dictis3
1016 1327 1066 1372 et
1087 1325 1186 1372 sive
1205 1324 1401 1371 iubebat

323 1402 384 1446 ut
393 1400 605 1447 facerem
613 1400 727 1455 quid
743 1419 756 1448 z
780 1399 793 1421 ⁶
813 1398 981 1446 Habes
994 1401 1243 1445 auctorem
1257 1412 1352 1454 quo
1367 1397 1519 1445 facias
1531 1397 1622 1445 hoc
1639 1417 1651 1453 ς

322 1489 475 1520 unum
497 1489 557 1521 ex
575 1472 811 1521 iudicibus
832 1472 1021 1521 selectis
1041 1471 1279 1519 obiciebat
1298 1491 1310 1529 ;

324 1548 425 1595 sive
442 1547 643 1595 vetabat
664 1568 675 1594 t
710 1548 722 1569 ‘
742 1549 822 1594 An
842 1547 933 1594 hoc
952 1546 1261 1593 inhonestum
1281 1547 1331 1592 et
1349 1545 1523 1593 inutile
1542 1546 1680 1593 factu

220 1634 300 1680 125
324 1636 475 1669 necne
496 1622 559 1668 sit
579 1621 851 1677 addubiteS,
873 1620 1052 1676 flag-ret
1066 1634 1261 1666 rumore
1280 1618 1409 1665 malo
1428 1634 1539 1666 cum

325 1694 403 1741 hic
423 1696 569 1750 atque
588 1693 668 1740 ille
685 1695 726 1740 θ’
776 1694 959 1741 Avidos
980 1693 1192 1741 vicinum
1213 1692 1361 1739 funus
1380 1684 1439 1738 ut
1458 1706 1626 1749 aegros

324 1766 588 1823 exanimat,
610 1767 873 1823 mortisque
893 1767 1028 1814 metu
1049 1766 1140 1813 sibi
1159 1780 1358 1822 parcere
1379 1765 1526 1822 cogit,

325 1841 393 1887 sic
412 1842 606 1887 teneros
626 1839 811 1886 animos
832 1839 992 1886 aliena
1010 1837 1271 1893 opprobria
1290 1853 1432 1893 saepe

325 1913 601 1960 absterrent
621 1912 769 1959 vitiis,
831 1913 908 1959 Ex
928 1911 1019 1958 hoc
1039 1925 1129 1967 ego
1148 1925 1296 1957 sanus
1317 1909 1379 1956 ab
1399 1910 1495 1956 illis

220 2004 302 2048 130
327 1986 584 2042 perniciem
605 2001 934 2042 quaecumque
954 1985 1141 2041 ferunt,
1163 1983 1480 2031 mediocribus
1501 1985 1551 2030 et
1573 1984 1679 2039 quis

325 2060 547 2116 ignoscas
566 2058 699 2106 vitiis
717 2060 900 2107 teneor.
961 2057 1207 2104 Fortassis
1227 2057 1278 2103 et
1298 2057 1442 2104 istinc

325 2132 529 2189 largiter
548 2132 807 2179 abstulerit
824 2132 972 2187 longa
991 2132 1144 2187 actae,
1167 2130 1289 2177 liber
1308 2130 1507 2187 amicus,

327 2206 577 2254 consilium
617 2207 865 2262 proprium
888 2226 899 2254 e
953 2220 1107 2260 neque
1148 2205 1291 2261 enim,
1332 2219 1441 2251 cum
1470 2204 1678 2251 lectulus

438 2282 526 2326 aut
545 2295 622 2326 me

326 2353 541 2410 porticus
561 2353 768 2410 excepit,
791 2353 959 2401 desum
980 2352 1126 2398 mihi:
1159 2352 1171 2373 ‘
1189 2351 1388 2398 Rectius
1408 2351 1497 2398 hoc
1517 2352 1619 2397 est:

220 2440 303 2485 135
328 2427 437 2473 Hoc
458 2426 640 2473 faciens
660 2426 821 2473 vivam
840 2426 1011 2474 melius
1031 2447 1041 2473 :
1076 2426 1154 2472 Sic
1174 2424 1325 2472 dulcis
1346 2425 1511 2471 amicis

327 2514 577 2546 occurram
597 2520 608 2545 ε
646 2499 752 2545 Hoc
765 2499 960 2554 quidam
974 2514 1072 2546 non
1087 2497 1210 2545 belle
1224 2517 1235 2552 ς
1264 2496 1497 2553 numquid
1510 2511 1599 2553 ego
1609 2496 1682 2543 illi

424 2573 440 2619 [
460 2573 564 2621 179]
