2109 2975
219 635 275 680 25

217 1039 275 1082 30

217 1438 272 1484 35

684 189 998 234 GARMINUM
1033 191 1068 231 Ι.
1093 193 1163 240 xv,
1187 199 1262 230 xvt

385 286 497 335 Non
519 285 829 345 Laertiaden,
851 286 1053 336 exitium
1073 288 1188 336 tuae

383 362 537 419 genti,
559 376 654 409 non
673 361 868 418 Pylium
888 362 1102 410 Nestora.
1121 362 1349 419 respicis?

383 437 564 494 urgent
590 435 820 491 impavidi
840 436 890 482 te
913 434 1206 483 Salaminius

553 510 739 557 Teucer
756 512 807 557 et
828 509 1086 557 Sthenelus
1107 510 1261 557 sciens

382 630 590 672 pugnae,
612 614 713 663 sive
732 631 853 671 opus
871 617 947 663 est
967 614 1247 672 imperitare
1267 615 1418 673 equis,

385 704 480 736 non
501 689 673 746 auriga
692 689 859 746 piger3
889 689 1143 736 Merionen
1162 705 1347 746 quoque

387 778 570 810 nosces,
631 762 758 810 Ecce
778 762 903 810 furit
922 764 972 811 te
992 762 1203 820 reperire
1223 763 1367 810 atrox

549 836 756 894 Tydides
777 836 944 885 melior
964 838 1120 895 patre,

383 958 526 999 quem
545 946 621 1002 tu,
639 959 809 992 cervus
821 944 904 994 ,uti
922 943 1061 990 vallis
1082 943 1132 989 in
1152 943 1310 991 altera.
1335 981 1340 984 -
1379 981 1384 984 .

382 1017 538 1064 visum
561 1019 700 1074 parte
721 1017 888 1073 lupum
909 1016 1142 1074 graminis
1162 1016 1427 1072 immemor,

381 1091 573 1139 sublimi
592 1091 752 1147 fugies
773 1090 928 1138 mollis
949 1089 1184 1147 anhelitu,

556 1180 651 1211 non
671 1164 761 1211 hoc
782 1162 1022 1220 pollicitus
1042 1163 1174 1210 tuae.

382 1272 626 1319 Iracunda
643 1271 770 1318 diem
790 1270 1003 1327 proferet
1024 1270 1115 1316 Ilio

382 1344 707 1400 matronisque
729 1344 979 1399 Phrygum
1002 1342 1166 1389 classis
1187 1341 1393 1390 Achille'i
1411 1360 1423 1396 ;

382 1420 492 1473 post
511 1419 671 1466 certas
693 1418 870 1464 hiemes
891 1418 1002 1462 uret
1021 1413 1265 1463 Achaicus

548 1492 672 1550 ignis
694 1492 868 1540 Iliacas
888 1490 1070 1539 domos·

898 1738 1021 1787 XVI

468 1849 509 1896 Ο
532 1862 725 1897 MATRE
749 1849 954 1906 pulchra
974 1849 1074 1897 filia
1095 1848 1356 1906 pulchrior,

466 1938 606 1977 quem
627 1922 892 1970 criminosis
914 1938 1116 1979 cumque
1137 1922 1267 1969 voles
1283 1921 1477 1968 modum

521 2010 669 2051 pones
683 1996 875 2053 iambis,
901 1997 1000 2043 sive
1021 1997 1218 2043 flamma.

634 2069 733 2117 sive
754 2069 877 2116 mari
897 2069 1015 2117 libet
1036 2069 1307 2116 Hadriano.

462 2174 576 2222 Non
598 2176 915 2233 Dindymene,
938 2192 1035 2223 non
1056 2176 1215 2232 adytis
1235 2174 1393 2231 quatit

466 2250 679 2296 mentem
701 2249 1004 2297 sacerdotum
1023 2248 1184 2297 incola.
1202 2247 1424 2305 Pythius,

514 2338 611 2370 non
634 2322 778 2371 Liber
795 2339 964 2380 aeque,
986 2338 1083 2370 non
1103 2324 1250 2370 acuta

634 2396 700 2446 sic
718 2397 969 2454 geminant
990 2395 1289 2452 Corybantes
1310 2411 1441 2453 aera,

586 2530 591 2535 .
826 2505 867 2539 24
907 2502 1065 2544 Teucer.
1079 2501 1122 2538 t·

397 2554 515 2606 [σε]
