2109 2975
972 201 1195 242 HORA'I'I

393 301 636 354 spectaret
656 298 886 356 populum
906 298 1032 346 ludis
1059 298 1299 346 attentius
1319 297 1452 355 ipsis,

395 373 452 418 uis
472 371 561 418 sibi
582 372 893 428 praebentem
913 370 1062 418 nimio
1081 371 1359 427 spectacula
1377 371 1550 427 plura3

395 444 654 502 scriptores
674 446 839 492 autem
859 459 1062 492 narrare
1082 446 1280 501 putaret
1301 443 1448 492 asello

288 534 373 566 200
394 517 623 565 fabellam
645 518 807 565 surdo.
867 519 996 565 Nam
1016 533 1140 574 quae
1160 517 1440 573 pervincere
1460 532 1598 565 voces

393 590 617 639 evaluere
636 605 808 638 sonum
829 591 1051 639 referuniz
1072 606 1214 647 quem
1234 593 1405 639 nostra
1423 590 1653 638 theaizra?

394 665 677 722 Garganum
699 665 886 721 mugire
906 665 1048 721 putes
1069 679 1238 712 nemus
1259 664 1347 710 aut
1367 678 1499 710 mare
1515 663 1746 720 Tuscum,

393 739 535 786 (santo
553 754 662 787 cum
683 738 894 795 sin-opitu
912 736 1015 786 ludi
1034 738 1322 793 spectantur
1339 738 1390 783 et
1410 738 1558 793 artes,

395 811 683 868 divitiaeque
704 811 1003 869 peregrinae,
1024 809 1196 866 quibus
1217 809 1395 857 oblitus
1415 811 1554 857 actor

287 897 370 944 205
395 899 505 933 cum
526 884 665 933 stetiss
683 885 734 932 in
754 900 944 942 scaena,
966 884 1213 933 concurrit
1232 884 1435 932 dextera
1452 883 1634 931 laevae.

396 958 536 1006 Dixit
556 958 715 1007 adhuc
735 958 948 1014 aliquid?
976 957 1063 1006 Nil
1082 973 1214 1005 sane.
1263 957 1389 1014 Quid
1409 957 1569 1013 placet
1587 959 1740 1013 ergo?

394 1033 533 1080 Lana
552 1032 819 1080 Tarentino
838 1031 990 1079 violas
1009 1030 1206 1077 imitata
1225 1045 1427 1078 veneno.

394 1106 467 1154 Ac
487 1121 547 1153 ne
566 1105 694 1154 forte
714 1107 857 1161 putes
876 1120 971 1162 me,
994 1119 1117 1160 quae
1135 1103 1298 1152 facere
1318 1104 1421 1161 ipse
1440 1119 1673 1160 recusem,

395 1194 506 1227 cum
526 1181 659 1227 recte
678 1179 897 1226 tractent
917 1177 1016 1233 alii,
1039 1178 1240 1225 laudare
1261 1178 1502 1236 malign03

287 1266 372 1297 210
393 1253 473 1300 ille
494 1268 581 1309 per
599 1253 853 1300 extentum
874 1251 1042 1298 funem
1065 1250 1183 1298 mihi
1202 1265 1340 1307 posse
1359 1251 1554 1300 videtur

390 1325 463 1373 ire
483 1326 644 1383 posta,
666 1340 827 1373 meum
848 1324 931 1382 qui
942 1326 1113 1381 peetus
1133 1324 1346 1372 inaniter
1365 1325 1520 1383 angit,

393 1399 575 1457 irritat,
597 1398 795 1456 mulcet,
816 1398 953 1446 falsis
972 1398 1242 1447 terroribus
1261 1398 1449 1456 implet,

393 1474 450 1520 ut
497 1488 685 1530 magus,
745 1474 796 1521 ef,
843 1472 986 1521 modo
1039 1489 1116 1521 me
1165 1471 1362 1529 Thebis,
1417 1472 1560 1521 modo
1609 1471 1750 1529 ponit

505 1546 731 1595 Asshenis.

394 1620 577 1667 Verum
597 1634 686 1676 age
706 1620 757 1667 et
777 1618 869 1676 his,
890 1619 973 1676 qui
994 1635 1044 1668 se
1065 1619 1237 1668 lectori
1257 1620 1452 1669 credere
1473 1620 1663 1668 malunt

287 1706 369 1753 215
394 1707 538 1748 quam
560 1691 845 1748 spectatoris
864 1692 1066 1740 fastidia
1083 1693 1213 1742 ferre
1234 1694 1445 1751 superbi,

394 1780 561 1812 curam
581 1765 728 1813 redde
747 1764 960 1824 brevem,
982 1766 1025 1813 si
1043 1781 1222 1814 munus
1243 1767 1468 1824 Apolline
1489 1767 1689 1825 dignum

392 1837 465 1884 vis
486 1838 725 1894 complere
747 1838 881 1886 libris
910 1841 960 1887 ei:
980 1840 1176 1888 vabibus
1198 1841 1376 1889 addere
1396 1841 1575 1898 calcar,

393 1912 450 1957 ui:
471 1911 631 1959 sisudio
651 1911 831 1961 maiore
851 1914 1024 1969 petant
1046 1913 1286 1962 Helicona.
1304 1914 1559 1961 virentem.

395 1982 558 2031 Multa
577 1983 769 2039 quidem
788 1985 924 2033 nobis
944 1985 1153 2034 facimus
1174 1986 1305 2034 mala
1324 2002 1468 2043 saepe
1489 1988 1664 2043 poetae

287 2072 371 2103 220
394 2057 469 2113 (ufi
488 2056 654 2105 vineta
671 2060 861 2115 egomess
881 2060 1079 2108 caedam
1100 2060 1242 2117 mea),
1265 2076 1376 2108 cum
1395 2060 1486 2107 tibi
1505 2060 1684 2108 librum

394 2124 598 2174 sollicito
617 2127 787 2175 damus
807 2130 894 2176 aut
912 2129 1040 2177 fesso
1056 2148 1084 2186 3·
1101 2145 1211 2178 cum
1232 2129 1488 2186 laedimur,
1508 2144 1663 2176 unum

393 2200 433 2246 si
452 2199 557 2255 quis
578 2200 841 2249 amicorum
861 2204 936 2250 est
956 2218 1103 2250 ausus
1121 2203 1472 2260 reprehendere
1491 2217 1685 2251 versum
1705 2221 1718 2258 3

392 2288 501 2320 cum
521 2273 627 2321 loca
645 2274 743 2322 iam
761 2275 970 2323 recisam
987 2276 1279 2324 revolvimus
1298 2275 1584 2332 irrevocabig

391 2361 502 2393 cum
521 2347 848 2396 lamentamur
867 2362 964 2396 non
984 2363 1218 2404 apparere
1236 2347 1425 2398 labores

287 2435 369 2482 225
393 2423 583 2469 nosssros
602 2423 652 2468 et
672 2420 809 2469 tenui
828 2419 1036 2469 deducta
1054 2424 1281 2477 poemassa
1298 2422 1378 2471 filo
1397 2442 1410 2481 ς

952 2512 1013 2546 198
1052 2510 1174 2547 mimo

490 2569 505 2615 [
523 2568 628 2616 280]
