2109 2975
767 203 1085 248 CARMINUM
1121 206 1154 247 Ι.
1180 214 1298 246 1v-v1

308 324 330 366 ς
471 304 675 365 simplex
693 303 980 354 munditiis?
1037 299 1153 353 Heu
1173 298 1394 361 quotiens
1415 298 1557 354 fidem

470 384 778 438 mutatosque
799 381 911 429 deos
930 380 1067 429 flebit
1086 383 1138 429 et
1148 391 1329 437 vaspera

525 456 678 514 nigris
698 471 908 512 aequora
926 455 1087 503 ventis

582 530 870 578 emirabitur
887 529 1116 586 insolens,

470 657 551 712 qui
569 671 700 703 nunc
719 656 769 702 te
791 654 976 702 fruitur
996 653 1221 702 credulus
1252 667 1430 709 aurea3

281 741 336 773 10
470 731 551 786 qui
572 745 763 786 semper
781 744 1003 784 vacuam,
1027 744 1217 785 semper
1236 727 1491 775 amabilem

526 806 691 859 sperat
710 802 899 851 nescius
920 819 1068 850 aurae

581 876 786 925 fallacie.
847 876 1033 933 Miseri,
1055 875 1229 932 quibus

468 1001 766 1057 intemptata
785 1000 939 1048 nites!
969 1000 1054 1046 Me
1075 999 1245 1047 tabula
1266 1013 1403 1047 sacer

469 1075 634 1122 votiva
660 1074 818 1130 paries
840 1073 1023 1121 indicat
1044 1072 1191 1120 uvida

281 1148 333 1193 Ῑ5
527 1147 831 1205 suspendisse
851 1147 1040 1203 potenti
1065 1146 1074 1152 ’

520 1265 523 1268 .
604 1265 610 1270 .
640 1221 930 1270 vestimenta
950 1219 1099 1268 maris
1120 1219 1228 1267 deo,
1261 1263 1268 1264 ff

992 1472 1068 1522 VI

348 1596 353 1599 '
415 1591 715 1638 SCRIBERIS
735 1589 889 1638 Vario
909 1588 1052 1636 fortis
1073 1590 1123 1637 et
1142 1588 1372 1638 hostiumr

413 1665 569 1712 victor
588 1664 801 1712 Maeonii
822 1663 1049 1711 carminis
1071 1663 1204 1721 alite,

413 1755 558 1796 quam
578 1754 681 1786 rem
701 1754 903 1794 cumque
925 1738 1060 1785 ferox
1080 1736 1284 1785 navibus
1305 1736 1392 1784 aut
1412 1736 1543 1794 equis

585 1812 720 1860 miles
740 1814 790 1860 te
811 1812 931 1860 duce
952 1811 1185 1869 gesserit:

309 1952 339 2005 5
414 1952 520 1994 nos,
542 1937 778 1995 Agrippa,
800 1952 953 1994 neque
973 1937 1095 1985 haec
1115 1936 1289 1994 dicere,
1311 1951 1400 1986 nec
1422 1951 1620 1993 gravem

414 2012 610 2060 Pelidae
630 2012 932 2060 stomachum
952 2010 1122 2059 cedere
1141 2011 1305 2068 nescii,

412 2102 500 2134 nec
521 2101 691 2134 cursus
711 2084 914 2141 duplicis
935 2100 1020 2141 per
1040 2100 1173 2132 mare
1194 2084 1373 2142 Ulixei,

583 2173 673 2207 nec
692 2173 886 2206 saevam
908 2158 1100 2215 Pelopis
1121 2158 1319 2207 domum

413 2299 661 2341 conamur,
682 2284 854 2331 tenues
869 2282 1091 2341 grandia,
1114 2281 1229 2330 dum
1250 2282 1408 2339 pudor

283 2369 337 2401 10
413 2358 711 2414 imbellisque
729 2357 862 2414 lyrae
882 2357 1029 2404 Musa
1048 2358 1221 2412 potens
1240 2358 1376 2404 vetat

406 2432 572 2481 laudes
593 2432 773 2490 egregii
794 2432 1012 2479 Caesaris
1032 2433 1083 2477 et
1101 2432 1214 2477 tuas

581 2506 725 2563 culpa
744 2506 960 2553 deterere
985 2506 1165 2563 ingeni.

462 2582 477 2627 [
497 2583 573 2630 15]
