2109 2975
951 179 1175 221 HORATI

388 281 475 328 aut
495 279 674 328 flumen
694 278 920 326 Rhenum
939 280 1029 326 aut
1049 278 1243 334 pluvius
1262 279 1552 328 describitur
1579 295 1739 330 arcus.

389 354 482 401 Sed
503 368 633 401 nunc
646 368 743 399 non
757 353 864 399 erat
879 351 954 399 his
967 353 1116 399 locus.
1151 352 1219 399 Et
1235 353 1443 400 fortasse
1461 369 1741 409 cupressum

308 453 364 483 20
387 428 477 475 scis
499 427 727 474 simulare
746 446 756 474 ε
787 426 902 482 quid
921 426 1027 482 hoc,
1050 426 1091 472 si
1109 426 1280 473 fractis
1300 428 1470 474 enatat
1489 442 1655 482 exspes

388 500 590 548 navibus
612 515 721 547 aere
742 500 859 547 dato
879 500 960 555 qui
981 499 1240 555 pingitur?
1297 500 1547 555 Amphora
1566 500 1723 556 coepit

387 574 578 621 institui
598 592 610 629 ς
640 575 865 620 currente
886 575 997 620 rota
1017 589 1104 620 cur
1125 588 1296 620 urceus
1317 573 1451 619 exit?

389 647 608 702 Denique
630 647 693 694 sit
714 646 930 702 quodvis,
954 646 1156 702 simplex
1177 647 1434 694 dumtaxat
1454 648 1504 693 et
1524 661 1692 694 unum.

388 721 607 768 Maxima
626 735 737 776 pars
758 721 945 778 vatum,
966 723 1109 776 pater
1128 723 1176 767 et
1195 720 1389 767 iuvenes
1411 721 1550 775 patre
1571 719 1723 776 digni,

308 813 334 844 2
338 808 363 855 5
387 793 654 849 decipimur
674 793 829 849 specie
850 793 971 841 recti
989 813 1000 840 ε
1029 793 1189 841 brevis
1208 808 1312 841 esse
1331 793 1512 850 laboro,

388 867 621 914 obscurus
641 866 733 922 fio;
769 868 1040 915 sectantem
1061 866 1187 913 levia
1206 867 1344 914 nervi

389 940 618 988 deficiunt
638 939 881 995 animique
901 959 911 995 ;
943 940 1188 996 professus
1208 940 1414 995 grandia
1432 941 1600 997 turget
1617 958 1631 996 ς

390 1013 540 1070 serpit
561 1013 696 1060 humi
715 1015 856 1061 tutus
876 1013 1079 1060 nimium
1100 1013 1392 1070 timidusque
1419 1014 1685 1070 procellae3

391 1087 472 1143 qui
491 1087 681 1134 variare
701 1087 837 1143 cupit
856 1102 959 1135 rem
980 1087 1313 1143 prodigialiter
1333 1101 1498 1143 unam,

310 1171 366 1214 30
391 1160 671 1216 delphinum
693 1160 825 1206 silvis
846 1160 1085 1216 appingit,
1109 1159 1335 1207 fluctibus
1356 1176 1547 1216 aprum.

390 1234 452 1280 In
471 1233 645 1280 vitium
665 1232 800 1280 ducit
820 1233 989 1288 eulpae
1011 1233 1132 1289 fuga
1152 1233 1192 1279 si
1213 1234 1347 1280 caret
1369 1235 1490 1280 arte.

392 1306 651 1354 Aemilium
672 1305 802 1354 circa
822 1306 990 1353 ludum
1010 1306 1153 1353 faber
1171 1306 1297 1352 imus
1317 1307 1368 1354 et
1388 1320 1575 1363 ungues

391 1380 628 1436 exprimet
646 1381 696 1426 et
718 1379 884 1426 molles
903 1378 1180 1426 imitabitur
1199 1394 1310 1427 aere
1330 1380 1546 1437 capillos,

393 1453 560 1500 infelix
579 1452 735 1509 operis
756 1467 961 1509 summa,
984 1452 1099 1509 quia
1118 1467 1296 1509 ponere
1316 1454 1474 1501 totum

313 1538 367 1585 35
392 1527 589 1575 nesciet.
652 1526 799 1573 Hunc
819 1542 909 1583 ego
929 1541 1021 1583 me,
1046 1528 1087 1574 si
1107 1527 1222 1583 quid
1243 1541 1525 1583 componere
1546 1540 1725 1583 curem,

307 1629 309 1633 ‚
393 1612 488 1643 non
510 1596 661 1653 magis
682 1611 783 1643 esse
804 1596 946 1643 velim
967 1611 1114 1651 quam
1134 1611 1252 1643 naso
1272 1597 1432 1643 vivere
1452 1611 1619 1653 pravo,

393 1670 708 1726 spectandum
728 1670 879 1725 nigris
900 1670 1050 1716 oculis
1072 1669 1304 1725 nigroque
1326 1669 1513 1725 capillo.

395 1743 583 1805 Sumite
603 1741 859 1789 materiam
879 1742 1072 1797 vestris,
1094 1742 1177 1798 qui
1197 1742 1423 1799 scribitis,
1454 1757 1656 1798 aequam

394 1815 593 1873 viribus,
616 1817 666 1862 et
684 1817 874 1863 versate
894 1815 994 1870 diu,
1016 1815 1131 1870 quid
1151 1816 1280 1863 ferre
1299 1819 1541 1872 recusent,

312 1907 371 1947 40
394 1889 506 1946 quid
527 1890 723 1936 valeant
742 1889 912 1936 umeri.
975 1888 1066 1936 Cui
1084 1888 1216 1936 lecta
1236 1891 1460 1944 potenter
1478 1889 1573 1936 erit
1591 1903 1686 1946 res,

394 1977 482 2010 nec
501 1961 731 2010 facundia
750 1960 936 2009 deseret
954 1961 1085 2008 hunc
1107 1976 1194 2009 nec
1214 1961 1402 2009 lucidus
1422 1962 1554 2009 ordo,

396 2035 591 2084 Ordinis
610 2035 729 2083 haec
750 2035 906 2082 virtus
927 2035 1020 2082 erit
1040 2037 1091 2083 et
1111 2050 1279 2091 venus,
1302 2037 1390 2082 aut
1408 2050 1498 2091 ego
1517 2034 1679 2091 fallor,

395 2111 452 2157 ut
471 2109 568 2155 iam
589 2124 717 2156 nunc
737 2108 868 2155 dicat
887 2109 984 2156 iam
1004 2123 1135 2156 nunc
1155 2108 1381 2155 debentia
1401 2107 1510 2165 dici,

396 2183 622 2239 pleraque
643 2181 838 2229 differat
858 2183 908 2229 et
929 2196 1157 2238 praesens
1176 2181 1228 2227 in
1246 2183 1440 2236 tempus
1459 2181 1657 2227 omittat
1674 2198 1686 2237 ς

315 2268 372 2315 45
396 2256 486 2304 hoc
505 2257 652 2312 amet,
672 2255 762 2301 hoc
783 2255 980 2310 spernat
1001 2254 1225 2310 promissi
1245 2254 1471 2301 carminis
1492 2254 1677 2301 auctor.

398 2329 457 2375 In
477 2327 634 2376 verbis
655 2327 800 2374 etiam
819 2326 981 2373 tenuis
1002 2329 1268 2382 cautusque
1296 2326 1509 2374 serendis

398 2397 573 2444 dixeris
594 2396 783 2453 egregie
805 2396 974 2441 notum
997 2395 1036 2441 si
1057 2394 1232 2442 callida
1250 2395 1449 2442 verbum

513 2490 554 2520 32
594 2485 705 2520 faber
721 2493 824 2519 unus
1153 2489 1193 2520 4⁶
1206 2487 1288 2528 poet
1301 2489 1342 2521 46
1350 2486 1481 2527 posuit
1498 2485 1625 2522 Banu.

492 2545 509 2589 [
525 2555 596 2593 29²
617 2543 633 2589 l
