2109 2975
1028 193 1248 234 HORATI

595 295 778 344 cervice
796 294 958 349 tinget
976 314 987 342 ε
1018 293 1071 340 te
1091 290 1214 339 nihil
1234 291 1417 340 attinet

600 370 844 425 temptare
863 368 1021 415 multa
1040 366 1185 415 caede
1204 365 1472 414 bidentium

378 469 429 514 15
653 455 828 498 parvos
850 442 1165 500 coronantem
1184 437 1375 487 marino

706 529 816 562 rore
834 515 948 563 deos
962 512 1221 571 fragilique
1240 515 1417 570 myrto.

598 638 834 686 Immunis
854 654 991 687 aram
1013 638 1055 686 si
1074 636 1242 694 tetigit
1261 651 1452 693 manus,

593 728 690 759 non
711 714 997 768 sumptuosa
1014 710 1238 758 blandior
1256 708 1418 757 hostia

657 784 867 833 mollivit
887 799 1085 833 aversos
1107 783 1315 831 Penates

376 872 432 901 20
707 854 839 901 farre
859 853 939 910 pio
957 855 1008 900 et
1027 851 1229 899 saliente
1248 851 1390 899 mica.

1043 1086 1215 1136 XXIV

516 1196 784 1244 Inuca-rs
803 1195 1084 1253 opulentior

569 1267 815 1318 thesauris
834 1269 1054 1317 Arabum
1076 1269 1127 1316 et
1151 1266 1316 1315 divitis
1337 1265 1506 1312 Indiae

515 1343 779 1391 caementis
798 1341 914 1391 licet
932 1356 1140 1397 occupes

573 1416 879 1473 Tyrrhenum
900 1430 1040 1464 omne
1060 1414 1160 1461 tuis
1180 1415 1230 1460 et
1250 1427 1384 1460 mare
1405 1410 1684 1468 Apulicum,

410 1495 434 1541 5
517 1491 557 1538 si
577 1491 686 1551 figit
705 1490 1041 1539 adamantinos

572 1564 772 1612 summis
792 1562 1053 1612 verticibus
1074 1561 1181 1608 dira
1200 1559 1475 1608 Necessitas

516 1637 695 1695 clavos,
717 1653 815 1685 non
834 1636 1051 1684 animum
1071 1635 1225 1690 metu,

570 1725 669 1757 non
689 1709 862 1766 mortis
880 1706 1067 1763 laqueis
1087 1706 1309 1763 expedies
1330 1708 1495 1762 caput.

516 1784 825 1840 Campestres
844 1781 1016 1829 melius
1035 1780 1263 1838 Scythae,

383 1867 436 1897 10
572 1871 778 1913 quorum
797 1854 1020 1912 plaustra
1038 1870 1189 1912 vagas
1208 1854 1303 1902 rite
1321 1853 1531 1901 trahunt
1551 1852 1732 1909 domos,

517 1929 690 1977 vivunt
709 1929 760 1976 et
778 1927 925 1985 rigidi
944 1928 1117 1986 Getae,

572 2002 827 2050 immetata
845 2001 1016 2059 quibus
1035 1999 1207 2059 iugera
1224 1998 1401 2048 liberas

516 2076 686 2132 fruges
705 2077 756 2123 et
775 2075 999 2124 Cererem
1018 2076 1205 2132 ferunt,

575 2165 663 2197 nec
683 2149 879 2198 cultura
898 2149 1060 2207 placet
1078 2148 1268 2206 longior
1286 2139 1467 2205 annua,

385 2228 437 2273 15
520 2222 896 2281 defunctumque
914 2222 1161 2271 laboribus

575 2297 761 2354 aequali
782 2299 972 2346 recreat
992 2297 1124 2344 sorte
1143 2295 1370 2342 vicarius,

519 2369 627 2419 Illic
646 2373 803 2419 matre
825 2369 1103 2418 carentibus

505 2471 525 2504 4
565 2468 668 2505 codd.
698 2468 786 2504 boni
814 2467 1042 2508 Ponticum;
1078 2466 1134 2502 vel
1187 2467 1384 2508 ublicumz
1418 2466 1519 2502 unde
1548 2465 1821 2509 Lachmavmm

467 2519 540 2553 pro
554 2509 796 2552 Tyrrhenum
811 2508 909 2550 qnod
921 2508 1059 2544 habam
1072 2517 1091 2542 ο
1192 2517 1321 2543 mnes
1334 2509 1536 2544 ten-enum
1549 2506 1787 2542 conuocauit.

566 2567 684 2616 [98]
