2109 2975
890 218 896 222 ,
949 217 955 222 .
991 176 1212 221 ΗΟΒΑΤῙ

427 290 487 322 ne
506 275 681 323 biberis
701 275 871 323 diluta.
932 274 1073 323 Foris
1094 277 1168 323 est
1189 283 1384 332 promus
1405 277 1454 323 et
1476 276 1639 323 atrum

429 349 688 399 defendens
709 348 861 405 pisces
880 349 1066 396 hiemat
1087 365 1247 397 mare:
1278 366 1386 397 cum
1408 349 1508 397 sale
1529 348 1668 405 panis

427 421 690 470 latrantem
712 422 1014 470 stomachum
1034 422 1156 471 bene
1175 423 1342 470 leniet.
1382 423 1525 471 Unde
1541 423 1687 478 putas
1703 422 1792 469 aut

429 495 510 550 qui
529 497 758 550 partum?
815 496 928 544 Non
947 496 999 542 in
1019 512 1132 543 caro
1151 496 1320 544 nidore
1340 495 1564 552 voluptas

349 588 405 617 20
430 583 619 615 summa
639 568 723 620 sed
741 568 792 618 in
812 570 862 615 te
883 568 990 625 ipso
1007 570 1100 618 est.
1162 569 1239 617 Tu
1259 568 1584 626 pulmentaria
1603 583 1782 624 quaere

431 641 649 688 sudando
667 660 679 698 ;
710 641 939 699 pinguem
959 642 1091 690 viffis
1113 642 1370 698 albumque
1391 657 1545 698 neque
1564 644 1730 689 ostrea

428 728 514 760 nec
535 717 810 770 scarusaut
830 715 1011 771 poterit
1030 716 1293 772 peregrina
1310 715 1670 772 iuvarejagois.

427 787 525 834 vix
544 788 710 836 tamen
729 787 931 843 eripiam
953 788 1110 844 posito
1128 803 1313 844 pavone
1334 788 1451 836 velis
1471 788 1587 844 quin

426 858 517 907 hoc
537 860 698 916 potius
718 876 863 917 quam
882 861 1070 918 gallina
1088 862 1279 918 tergere
1300 861 1538 918 palatum,

348 944 403 991 25
428 935 687 989 corruptus
706 933 844 981 vanis
864 950 1043 991 rerum,
1066 935 1180 990 quia
1197 937 1373 983 veneat
1392 951 1513 983 auro

426 1022 542 1054 rara
560 1007 662 1054 avis
682 1009 733 1060 et
753 1007 886 1064 picta
904 1008 1091 1064 pandat
1111 1008 1390 1064 spectacula
1409 1009 1591 1064 cauda3

425 1082 677 1137 tamquam
692 1081 754 1129 ad
765 1097 870 1130 rem
884 1082 1097 1130 attineat
1113 1082 1383 1139 quicquam.
1441 1084 1573 1130 Num
1586 1083 1792 1130 vesceris

535 1154 630 1202 ista

426 1243 569 1283 quam
582 1227 752 1275 laudas
765 1229 933 1284 pluma
947 1232 966 1275 P
1024 1230 1175 1277 Cocto
1189 1245 1308 1277 num
1320 1229 1461 1277 adest
1472 1230 1624 1277 honor
1636 1228 1793 1277 idem?

428 1301 585 1349 Carne
607 1302 772 1350 tamen
794 1303 1012 1359 quamvis
1032 1303 1186 1351 distat
1208 1303 1293 1361 nil,
1315 1303 1407 1352 hac
1428 1303 1579 1359 magis
1599 1303 1734 1349 illam

345 1389 402 1432 30
424 1374 690 1431 imparibus
710 1376 881 1423 formis
903 1377 1160 1433 deceptum
1180 1379 1231 1425 te
1251 1379 1444 1433 petere!
1501 1378 1621 1425 Esto
1640 1397 1650 1423 ε

426 1447 555 1495 unde
575 1447 744 1496 datum
766 1449 916 1496 sentis
936 1448 1082 1506 lupus
1102 1450 1182 1497 hic
1203 1449 1459 1497 Tiberinus
1483 1465 1545 1497 an
1566 1449 1670 1497 alto

428 1523 603 1577 captus
622 1522 738 1578 hiet,
762 1524 996 1578 pontesne
1015 1523 1150 1571 inter
1167 1523 1380 1571 iactatus
1400 1539 1463 1570 an
1484 1523 1639 1569 amnis

427 1594 554 1642 ostia
573 1595 663 1642 sub
684 1596 864 1642 Tusci?
921 1596 1134 1652 Laudas,
1156 1597 1342 1653 insane,
1364 1596 1602 1643 trilibrem

432 1668 636 1714 mullum
658 1668 708 1714 in
730 1669 923 1723 singula
944 1685 1088 1724 quem
1109 1670 1300 1717 minuas
1321 1670 1575 1726 pulmenta
1599 1685 1793 1717 necesse

542 1744 631 1788 est.

348 1820 404 1867 35
429 1813 582 1861 Ducit
600 1815 651 1860 tc
673 1813 853 1868 species
872 1814 1011 1861 video
1031 1836 1041 1862 :
1074 1831 1169 1870 quo
1188 1816 1401 1870 pertinet
1421 1830 1538 1872 ergo

429 1901 653 1942 proceros
672 1887 830 1934 odisse
849 1885 1020 1944 lupos?
1079 1889 1205 1944 Quia
1224 1888 1407 1935 scilicet
1425 1888 1520 1934 illis

429 1958 667 2006 maiorem·
682 1962 862 2006 natura
881 1960 1081 2007 modum
1100 1961 1251 2017 dedit,
1273 1960 1347 2007 his
1367 1960 1511 2008 breve
1532 1960 1733 2016 pondus.

428 2030 626 2077 Ieiunas
646 2046 759 2078 raro
779 2033 1054 2080 stomachus
1074 2034 1297 2091 vulgaria
1315 2033 1508 2082 temnit.

429 2104 440 2124 ‘
458 2105 747 2152 Porrectum
768 2121 947 2163 magno
968 2122 1201 2162 magnum
1222 2108 1443 2163 spectare
1463 2107 1625 2154 catino

345 2191 402 2231 40
426 2177 633 2234 vellem,'
653 2177 724 2226 ait
738 2178 970 2235 Harpyiis
984 2180 1102 2234 gula
1114 2179 1261 2236 digna
1275 2180 1548 2235 rapacibus.
1607 2181 1677 2226 At
1691 2195 1792 2236 vos,

427 2253 705 2306 praesentes
727 2251 914 2307 Austri,
938 2253 1127 2307 coquite
1148 2252 1322 2299 horum
1354 2253 1795 2310 obsonia‚--quam-

541 2341 685 2381 quam

428 2399 570 2455 putet
590 2414 708 2453 aper
728 2398 1049 2453 rhombusque
1071 2413 1255 2456 recens,
1277 2399 1407 2446 mala
1427 2400 1562 2455 eopia
1582 2400 1775 2456 quando

704 2492 744 2521 ‘29
786 2484 854 2522 illa
1320 2494 1361 2525 :³0
1401 2490 1511 2531 patet.

523 2546 538 2593 [
561 2560 630 2585 202
652 2544 668 2591 ]
