2109 2975
804 223 914 265 ARS
947 222 1194 265 POE'HOA

324 321 588 380 Pompilius
606 323 823 382 sanguis,
844 338 1041 372 carmen
1060 322 1397 380 reprehendite
1417 323 1543 380 quod
1562 338 1660 371 non

322 396 480 444 multa
497 396 600 444 dies
618 398 670 445 et
689 397 848 445 multa
866 397 1017 445 litura
1035 397 1249 446 coercuit
1268 398 1416 454 atque

323 471 623 525 praesectum
642 469 800 517 decies
817 485 917 518 non
937 470 1201 525 castigavit
1220 470 1282 517 ad
1303 485 1531 526 unguem.

216 549 300 596 295
322 541 579 599 Ingenium
597 543 775 591 misera
792 543 906 599 quia
924 542 1225 591 fortunatius
1245 544 1352 590 arte

323 614 476 663 credit
494 618 545 664 et
563 615 779 664 excludit
798 629 941 662 sanos
961 615 1197 663 Helicone
1216 617 1386 672 poetas

323 688 648 747 Democritus,
669 689 797 736 bona
816 703 930 745 pars
950 703 1049 736 non
1071 703 1259 745 ungues
1279 703 1454 744 ponere
1474 691 1631 744 curat,

321 776 418 808 non
437 761 655 819 barbam,
682 762 869 809 secreta
889 760 1013 817 petit
1033 760 1155 819 loca,
1177 760 1352 809 balnea
1369 762 1512 809 vitat.

320 834 646 883 Nanciscetur
663 835 792 882 enim
813 834 1025 890 pretium
1046 848 1314 891 nomenque
1334 837 1521 891 poetae,

214 930 299 975 300
320 909 362 955 si
381 907 538 956 tribus
558 908 810 966 Anticyris
829 909 980 964 caput
998 907 1265 957 insanabile
1285 923 1545 964 numquam
1624 973 1625 978 1

319 982 503 1030 tonsori
524 982 692 1030 Licino
712 981 1022 1029 commiserit.
1084 981 1128 1028 Ο
1147 996 1236 1039 ego
1253 981 1438 1038 laevus,

317 1055 399 1111 qui
418 1070 605 1113 purgor
622 1055 765 1102 bilem
786 1055 877 1102 sub
896 1054 1034 1103 verni
1052 1055 1284 1110 temporis
1304 1054 1471 1102 horam
1490 1059 1500 1103 !

318 1128 430 1175 Non
449 1127 574 1174 alius
593 1127 781 1175 faceret
800 1128 999 1176 meliora
1018 1128 1257 1184 poemata.
1317 1126 1503 1175 Verum

319 1200 388 1247 nil
407 1200 538 1249 tanti
557 1203 650 1248 est.
712 1201 849 1257 Ergo
869 1201 1051 1259 fungar
1073 1200 1176 1248 vice
1198 1201 1334 1257 cotis,
1356 1202 1554 1249 acutum

212 1290 296 1337 305
319 1273 517 1321 reddere
536 1289 661 1330 qnae
680 1273 865 1322 ferrum
886 1273 1018 1322 valet
1038 1289 1204 1322 exsors
1224 1274 1331 1329 ipsa
1350 1275 1542 1321 secandi
1559 1294 1569 1328 ;

319 1358 497 1390 munus
516 1345 567 1391 et
587 1343 794 1391 officium
813 1343 885 1390 nil
904 1343 1118 1390 scribens
1139 1343 1240 1399 ipse
1262 1342 1456 1399 docebo,

321 1417 447 1464 unde
467 1418 706 1474 parentur
724 1431 854 1474 opes,
876 1416 992 1473 quid
1012 1415 1116 1464 alat
1136 1415 1406 1472 formetque
1428 1418 1649 1472 poetam3

320 1490 432 1547 quid
454 1490 639 1550 deceat,
661 1492 775 1549 quid
794 1506 891 1538 non
909 1511 920 1547 ς
952 1506 1045 1548 quo
1060 1489 1235 1548 virtus,
1258 1504 1353 1546 quo
1366 1490 1496 1538 ferat
1515 1505 1668 1538 error.

321 1564 573 1613 Scribendi
589 1567 721 1614 recte
742 1580 910 1622 sapere
929 1566 1004 1612 est
1022 1566 1074 1612 et
1095 1563 1384 1621 principium
1405 1565 1456 1612 et
1474 1563 1612 1612 fons:

210 1658 297 1703 310
320 1653 423 1686 rem
442 1638 533 1685 tibi
554 1638 829 1687 Socraticae
849 1639 1082 1695 poterunt
1103 1637 1356 1685 ostendere
1378 1636 1593 1695 chartae,

320 1712 560 1769 verbaque
580 1713 822 1768 provisam
841 1728 945 1760 rem
965 1726 1062 1759 non
1082 1710 1239 1759 invita
1258 1712 1537 1767 sequentur.

321 1786 416 1844 Qui
436 1785 602 1834 didicit
622 1787 811 1842 patriae
831 1786 946 1842 quid
967 1785 1141 1834 debeat
1161 1787 1210 1833 et
1231 1785 1347 1841 quid
1366 1784 1549 1840 amiciS‚

319 1874 415 1916 quo
460 1858 525 1905 sit
572 1874 736 1907 amore
780 1874 973 1915 parens,
1016 1873 1113 1914 quo
1149 1857 1309 1905 frater
1345 1857 1583 1906 amandus
1621 1857 1672 1904 et

431 1932 620 1989 hospes,

319 2006 446 2061 quod
465 2006 530 2053 sit
551 2005 829 2062 conscripti,
851 2005 975 2062 quod
995 2004 1168 2052 iudicis
1188 2003 1411 2060 officium,
1434 2017 1556 2059 quae

209 2095 295 2142 315
320 2077 483 2130 partes
502 2075 554 2121 in
572 2075 752 2122 bellum
774 2074 907 2122 missi
927 2074 1081 2131 ducis,
1102 2074 1182 2122 ille
1203 2072 1421 2129 profecto

319 2147 519 2194 reddere
540 2162 774 2204 personae
795 2149 885 2195 scit
907 2147 1246 2195 convenientia
1266 2146 1451 2202 cuique.

319 2220 574 2275 Respicere
595 2220 843 2277 exemplar
861 2220 991 2268 vitae
1013 2234 1296 2276 morumque
1316 2219 1491 2267 iubebo

317 2293 514 2340 doctum
534 2293 830 2341 imitatorem
849 2296 900 2341 et
919 2293 1054 2340 vivas
1075 2293 1187 2341 hinc
1208 2293 1380 2340 ducere
1400 2307 1555 2339 voces,

318 2366 572 2413 Interdum
595 2367 808 2422 speciosa
825 2366 942 2414 locis
962 2368 1246 2421 morataque
1267 2368 1398 2414 recte

207 2455 295 2498 320
317 2437 487 2485 fabula
505 2439 686 2486 nullius
707 2439 910 2494 venerim
935 2438 1037 2486 sine
1059 2439 1268 2496 pondere
1289 2441 1339 2486 et
1359 2439 1483 2495 arte,

835 2530 897 2563 294
937 2528 1156 2569 perrectum

421 2584 522 2635 [301
543 2586 558 2632 1
