2109 2975
987 196 999 201 ’
1028 196 1252 240 HORA'TI

455 294 550 343 Ilia
569 296 619 343 et
642 295 825 353 Egeria
843 297 917 344 est
938 316 949 344 ε
978 296 1040 343 do
1059 310 1234 344 nomen
1255 294 1501 353 quodlibet
1519 294 1607 352 illi,

459 384 547 417 nec
567 385 735 417 vereor
753 385 815 417 ne
836 370 952 417 dum
972 369 1118 417 futuo
1137 369 1214 417 vir
1233 385 1347 417 rure
1367 371 1607 426 recurrat,

453 442 601 491 ianua
620 443 900 500 frangatur,
922 443 1075 491 latret
1096 443 1246 501 canis,
1269 443 1479 499 undique
1498 458 1677 499 mag-no

454 516 596 571 pulsa
616 517 786 563 domus
810 516 1021 572 strepitu
1040 518 1252 575 resonet,
1275 516 1516 573 vepallida
1535 515 1665 564 lecto

349 606 430 648 130
453 587 651 636 desiliat
665 590 856 647 mulier,
880 590 1106 637 miseram
1128 606 1178 638 se
1199 590 1388 638 conscia
1406 589 1599 646 clamet,

453 662 674 709 cruribus
693 662 814 711 haec
833 665 1039 721 metuat,
1063 663 1165 711 doti
1185 664 1438 720 deprensa,
1458 664 1651 720 egomet
1671 662 1753 710 mi.

452 735 707 783 Discincta
725 736 893 784 tunica
911 737 1199 794 fugiendum
1219 738 1294 784 est
1315 752 1372 783 ac
1391 736 1511 792 pede
1530 736 1677 791 nudo,

450 823 511 855 ne
531 809 718 856 nummi
740 811 942 865 pereant
963 810 1050 857 aut
1072 825 1203 867 puga
1222 811 1311 856 aut
1330 809 1537 866 denique
1556 809 1708 856 fama.

451 881 697 938 Deprendi
726 883 954 931 miserum
974 883 1050 930 est
1067 900 1080 940 3
1129 882 1282 931 Fabio
1300 882 1553 931 veliudice
1573 882 1782 930 vincam.

1057 1100 1061 1104 ’
1084 1131 1171 1179 111

451 1254 716 1302 OMNIBUS
736 1253 827 1303 hoc
842 1253 1017 1302 vitium
1036 1255 1113 1302 est
1134 1253 1429 1311 cantoribus,
1451 1253 1581 1301 inter
1600 1252 1782 1302 amicos

448 1329 506 1374 ut
526 1344 791 1385 numquam
811 1328 1048 1377 inducant
1069 1328 1291 1376 animum'
1306 1328 1507 1376 cantare
1525 1326 1704 1385 rogati,

446 1402 618 1450 iniussi
637 1418 905 1458 numquam
926 1402 1181 1450 desistant.
1244 1402 1427 1449 Sardus
1446 1401 1660 1449 habebat

446 1475 527 1524 ille
548 1475 781 1535 Tigellius
797 1476 904 1525 hoc.
934 1483 939 1484 ⁷
964 1477 1163 1534 Caesar,
1184 1476 1267 1532 qui
1286 1490 1455 1532 cogere
1474 1476 1653 1532 posset,

396 1562 424 1608 5
449 1544 488 1591 si
508 1545 696 1601 peteret
714 1561 804 1604 per
823 1546 1086 1594 amicitiam
1106 1545 1262 1601 patris
1280 1547 1426 1601 amne
1446 1559 1584 1592 suam
1604 1559 1702 1592 non

447 1618 703 1675 quicquam
723 1619 1004 1675 proficeret3
1034 1617 1073 1665 si
1095 1618 1386 1666 collibuisset
1405 1617 1468 1666 ab
1483 1613 1579 1666 ὀνο

446 1707 597 1748 usque
617 1692 679 1739 ad
703 1692 833 1739 mala
853 1692 1048 1748 citaret,
1072 1691 1084 1712 ‘
1101 1693 1157 1739 Io
1175 1692 1395 1740 Bacche!
1414 1692 1427 1713 ’
1451 1692 1594 1739 modo
1612 1707 1806 1739 summa

442 1779 576 1822 voce,
597 1765 738 1812 modo
757 1763 849 1813 hac
867 1765 1067 1812 resonat
1085 1779 1206 1820 quae
1226 1765 1416 1813 chordis
1432 1765 1667 1821 quattuor
1685 1764 1801 1812 ima.

446 1837 530 1885 Nil
551 1837 750 1894 aequale
770 1837 955 1885 homini
973 1837 1072 1884 fuit
1090 1836 1162 1884 illi
1178 1856 1190 1894 3
1220 1853 1361 1894 saepe
1380 1836 1516 1884 velut
1535 1836 1619 1893 qui

369 1933 423 1964 10
445 1910 673 1958 currebat
693 1910 886 1967 fugiens
905 1910 1111 1969 hostem,
1133 1925 1362 1968 persaepe
1379 1910 1516 1957 velut
1530 1909 1614 1966 qui

445 1984 644 2031 Iunonis
667 1999 806 2031 sacra
825 1984 979 2033 ferret
1000 2003 1012 2042 3
1039 1984 1253 2033 habebat
1274 1998 1416 2040 saepe
1435 1984 1686 2039 ducentos,

444 2054 586 2113 saepe
607 2056 773 2104 decem
794 2072 958 2105 servos
976 2077 988 2114 3
1015 2057 1159 2105 modo
1175 2071 1317 2114 reges
1337 2057 1483 2112 atque
1502 2055 1797 2113 tetrarchaS,

440 2129 607 2179 omnia
643 2145 824 2188 magna
858 2130 1060 2187 loquens
1077 2149 1093 2190 3
1136 2130 1296 2187 mode,
1331 2130 1344 2153 ⁶
1362 2129 1437 2177 Sit
1459 2129 1594 2177 ›mihi
1634 2144 1803 2178 mensa

554 2203 705 2260 tripes
725 2205 775 2251 et

441 2276 625 2327 concha
644 2277 756 2326 salis
777 2275 887 2334 puri
907 2277 958 2324 et
978 2277 1097 2333 toga
1115 2290 1238 2332 quae
1258 2275 1518 2324 defendere
1535 2276 1694 2333 frigus

365 2374 418 2418 15
442 2351 660 2408 quamvis
681 2367 845 2400 crassa
865 2350 1047 2407 queat?
1105 2349 1280 2397 Decies
1299 2349 1507 2396 centena
1526 2348 1735 2397 dedisses

442 2425 556 2473 huic
575 2424 723 2484 parco
741 2424 909 2483 paucis
930 2422 1177 2479 contento,
1201 2422 1409 2478 quinque
1431 2421 1598 2470 diebus

1005 2511 1027 2548 ἰ’
1068 2511 1243 2548 Bacchae

539 2573 555 2618 [
577 2570 679 2620 170]
