2109 2975
1024 199 1247 239 HORATI

454 294 586 343 Nam
607 297 828 353 propriae
848 297 1039 347 telluris
1060 314 1196 346 erum
1217 300 1398 348 natura
1416 315 1568 357 neque
1587 301 1724 349 illum

350 381 433 427 130
454 384 542 417 nec
565 386 640 418 me
660 387 747 419 nec
767 388 1056 429 quemquam
1078 374 1253 420 statuit
1273 396 1284 421 ι
1313 390 1399 422 nos
1420 377 1606 431 expulit
1626 377 1734 434 ille3

451 444 592 490 illum
615 445 706 491 aut'
717 446 956 501 nequities
976 449 1064 494 aut
1078 446 1207 494 vafri
1226 447 1417 495 inscitia
1435 450 1572 506 iuris,

454 519 754 573 postremum
774 521 981 575 expellet
1001 523 1134 570 certe
1154 521 1365 569 vivacior
1382 522 1537 571 heres.

456 591 602 639 Nunc
621 593 994 650 ager.Umbreni
1015 595 1105 641 sub
1123 596 1333 653 nomine,
1354 611 1508 651 nuper
1528 596 1676 644 Ofelli

455 665 631 722 dictus,
653 666 746 714 erit
765 667 887 714 nulli
907 669 1146 726 proprius,
1167 670 1254 716 sed
1274 670 1409 717 cedet
1428 670 1478 715 in
1498 685 1640 717 usum

352 745 434 794 135
458 755 584 786 nunc
605 740 722 786 mihi
741 756 871 788 nunc
890 742 988 789 alii.
1051 742 1289 799 Quocirca
1308 742 1457 790 vivite
1477 743 1629 791 fortes

456 812 696 869 fortiaque
715 814 930 862 adversis
951 816 1179 871 opponite
1200 817 1397 871 pectora
1412 816 1591 864 rebus?

1093 1060 1176 1107 ΙΙΙ

457 1185 468 1205 ‘
487 1183 578 1230 810
599 1199 712 1231 raro
733 1183 917 1241 scribis,
938 1187 996 1231 ut
1014 1186 1121 1233 toto
1141 1200 1238 1233 non
1258 1188 1432 1242 quater
1444 1201 1571 1233 anno

454 1258 786 1305 membranam
807 1274 992 1316 poscas,
1022 1260 1315 1315 scriptorum
1336 1276 1549 1315 quaeque
1569 1261 1808 1318 retexenS,

451 1332 610 1378 iratus
630 1331 720 1378 tibi
739 1332 864 1388 quod
884 1333 984 1379 vini
1003 1333 1249 1388 somnique
1268 1333 1503 1390 benignus

455 1405 523 1452 nil
543 1406 744 1462 dig-num
766 1421 985 1454 sermone
1005 1422 1168 1455 canas.
1230 1405 1356 1464 Quid
1375 1408 1493 1454 fiet?
1545 1408 1619 1455 At
1638 1408 1754 1463 ipsis

403 1488 432 1537 5
457 1479 797 1528 Saturnalibus
818 1480 913 1528 huc
932 1480 1121 1538 fugisti.
1184 1480 1381 1529 Sobrius
1400 1497 1518 1539 ergo

456 1555 531 1603 dic
552 1553 732 1610 aliquid
752 1554 955 1612 dignum
975 1555 1223 1611 promissis
1245 1576 1254 1603 :
1286 1556 1457 1613 incipe.
1517 1557 1601 1604 Nil
1623 1558 1697 1604 est
1717 1576 1729 1605 t

456 1629 720 1684 culpantur
738 1628 926 1675 frustra
945 1629 1135 1686 calami,
1156 1629 1519 1687 immeritusque
1539 1631 1728 1678 laborat

453 1701 594 1748 iratis
614 1701 760 1747 natus
780 1701 938 1757 paries
967 1701 1039 1748 dis
1061 1704 1207 1758 atque
1227 1703 1394 1758 poetis.

455 1774 608 1831 Atqui
627 1775 792 1821 vultus
811 1776 918 1822 erat
939 1775 1097 1822 multa
1115 1778 1166 1823 et
1185 1777 1437 1832 praeclara
1455 1777 1684 1824 minantis

378 1863 436 1895 10
455 1850 495 1897 si
515 1864 723 1895 vacuum
741 1849 906 1904 tepido
924 1849 1129 1905 cepisset
1149 1850 1317 1897 villula
1335 1853 1482 1898 tecto.

457 1923 697 1980 Quorsum
717 1922 953 1978 pertinuit
973 1923 1156 1980 stipare
1178 1924 1387 1972 Platona.
1409 1925 1693 1981 Menandro,

458 1997 687 2055 Eupolin,
707 1997 1073 2056 Archilochum,
1095 1999 1293 2046 comites
1314 1999 1515 2046 educere
1534 2001 1734 2046 tantos?

456 2071 696 2119 Invidiam
717 2070 911 2127 placare
932 2087 1077 2128 paras
1097 2073 1279 2119 virtute
1299 2072 1502 2121 relicta}>

457 2147 775 2194 Contemnere
796 2146 968 2202 misem
1000 2146 1203 2192 vitanda
1222 2148 1296 2192 est
1315 2147 1536 2202 improba
1557 2146 1695 2193 Siren

378 2231 432 2277 15
455 2220 653 2278 desidia,
675 2222 771 2268 aut·
782 2219 1005 2276 quicquid
1019 2219 1125 2266 vita
1143 2219 1336 2267 meliore
1355 2220 1540 2276 parasti

454 2295 728 2352 ponendum
786 2308 938 2348 aequo
987 2292 1179 2340 animo!
1266 2293 1328 2339 Di
1375 2296 1441 2352 te,
1493 2294 1807 2352 Damasippo,

566 2369 775 2424 deaeque

454 2459 621 2489 verum
644 2442 703 2487 ob
724 2439 972 2488 consilium
994 2440 1175 2486 donent
1195 2441 1401 2488 tonsol-e.
1466 2441 1558 2488 Sed
1579 2442 1706 2488 unde

1068 2529 1160 2562 lsi

552 2587 693 2635 [206]
