2109 2975
753 187 983 229 EPODON
1017 188 1095 237 xl,
1124 187 1211 227 ΧΠ

219 300 274 346 15
359 288 539 344 Quodsi
551 288 676 337 ,meis
694 288 936 336 inaestuess
957 286 1248 343 praecordiis

413 361 567 408 libera
585 361 710 418 bilis,
731 363 789 407 ut
808 360 928 408 haec
947 362 1145 417 ingrata
1163 359 1322 407 ventis
1342 357 1528 406 dividat

357 435 575 482 fomenssa
593 434 770 482 vulnus
789 434 860 481 nil
878 434 1063 481 malum
1083 433 1313 490 levantia,

413 508 599 556 desines
618 507 885 564 imparibus
910 508 1100 554 certare
1120 506 1392 553 summotus
1412 505 1584 561 pudor.

357 581 453 628 Ubi
472 580 590 629 haec
610 595 804 629 severus
823 582 874 628 te
894 580 1056 637 palam
1076 580 1407 636 laudaveram,

211 667 272 698 20
409 656 567 702 iussus
589 654 719 705 abire
739 655 935 702 domum
955 654 1149 701 ferebar
1169 653 1355 701 incerto
1375 655 1495 710 pede

351 728 414 775 ad
434 743 530 775 non
551 727 728 776 amicos
750 727 845 775 heu
864 727 981 774 mihi
1001 728 1165 784 posses
1184 727 1235 773 et
1254 725 1351 774 heu

406 800 573 848 limina
593 801 730 858 dura,
753 800 927 858 quibus
946 799 1137 850 lumbos
1156 800 1207 847 ek
1225 798 1405 857 infregi
1424 800 1573 849 labus.

349 876 496 922 Nunc
516 873 769 930 gloriantis
788 874 1055 930 quamlibet
1075 873 1411 921 mulierculam

405 947 596 995 vincere
614 946 815 994 mollitie
834 961 972 996 amor
991 946 1179 1003 Lycisci
1200 960 1276 994 me
1296 947 1448 1004 tenes,

210 1031 268 1076 25
349 1021 476 1068 unde
496 1020 718 1077 expedire
736 1035 835 1067 non
854 1019 1123 1068 amicorum
1142 1020 1325 1076 queant

402 1094 556 1142 libera
575 1093 774 1141 consilia
792 1108 883 1141 nec
902 1093 1224 1142 contumeliae
1243 1108 1436 1152 graves,

348 1166 430 1215 sed
450 1166 572 1214 alius
591 1166 735 1213 ardor
754 1167 842 1211 auis
862 1165 1049 1221 puellae
1071 1165 1303 1214 candidae

402 1240 489 1287 aui
507 1239 677 1287 teressis
699 1237 837 1295 pueri
856 1238 1053 1294 longam
1075 1239 1357 1286 renodantis
1378 1256 1582 1288 comam.

910 1426 1011 1474 XII

287 1536 436 1592 Qum
457 1534 549 1581 tibi
568 1534 658 1593 vis,
680 1535 854 1582 mulier
873 1535 1027 1592 nigris
1047 1534 1332 1597 dignissima
1351 1532 1538 1583 barris?
1600 1570 1606 1598 2
1653 1519 1662 1523 ’

341 1608 552 1655 Munera
571 1607 685 1664 quid
703 1606 823 1654 mihi
840 1607 1012 1663 quidve
1031 1606 1237 1654 tabellas

285 1681 441 1728 mittis
460 1696 549 1728 nec
568 1680 708 1728 firmo
726 1679 889 1728 iuveni
907 1695 1061 1743 neque
1081 1680 1212 1727 naris
1232 1680 1400 1728 obesae
1416 1684 1435 1728 P

341 1754 565 1810 Namque
585 1754 805 1811 sagacius
823 1768 950 1800 unus
969 1753 1158 1812 odoror,

231 1840 260 1884 5
285 1827 488 1883 polypus
509 1843 573 1874 an
591 1826 755 1883 gravis
774 1826 977 1873 hirsutis
997 1826 1143 1874 cubet
1163 1826 1326 1872 hircus
1345 1827 1397 1873 in
1418 1826 1525 1883 alis,

341 1915 486 1956 quam
504 1900 637 1947 canis
656 1914 785 1957 acer,
806 1899 890 1946 ubi
909 1898 1064 1946 lateat:
1087 1914 1184 1945 sus.

284 1972 380 2029 Qui
399 1972 546 2020 sudor
565 1970 705 2018 vietis
726 1972 776 2019 et
796 1986 942 2029 quam
963 1970 1120 2018 malus
1139 1970 1351 2033 undique
1373 1970 1599 2018 membris

339 2045 512 2094 crescii
530 2044 664 2103 odor,
686 2060 798 2092 cum
817 2059 943 2102 pene
961 2043 1118 2105 solusso

281 2118 565 2166 indomitam
584 2119 815 2176 properat
833 2116 1016 2165 rabiem
1037 2118 1204 2165 sedare
1222 2137 1235 2174 ;
1266 2133 1421 2175 neque
1441 2117 1512 2165 illi

203 2203 257 2234 10
335 2191 434 2240 iam
454 2193 620 2239 maneb
639 2191 806 2238 umida
825 2193 962 2238 creta
981 2190 1205 2247 colorque

281 2268 494 2314 stercore
513 2265 709 2314 fucafius
729 2263 970 2322 crocodili,
987 2264 1178 2320 iamque
1200 2263 1416 2312 subando

335 2340 477 2388 teni-,a
495 2337 674 2386 cubilia
692 2338 916 2394 tectaque
935 2337 1149 2393 rumpis!

278 2412 370 2461 Vel
390 2427 499 2461 mea
520 2428 630 2459 cum
652 2411 807 2459 saevis
828 2409 986 2468 agitat
1006 2409 1206 2457 fastidia
1225 2411 1383 2458 verbis
1404 2432 1414 2457 ι

333 2486 537 2544 Inachia
554 2485 757 2541 langues
777 2482 938 2530 minus
957 2498 1014 2531 ac
1033 2499 1108 2530 me
1128 2501 1140 2540 3

373 2559 390 2607 [
412 2571 476 2607 151
498 2558 514 2606 ]
