2109 2975
234 443 298 490 75

245 1915 298 1963 95

190 2289 301 2326 ,ῙΟΟ

850 184 1084 226 EPODON
1106 184 1146 225 V

463 285 575 334 Non
596 286 807 343 usitatis,
829 285 978 350 Vare‚
1002 284 1296 343 potionibus,

516 375 546 407 o
566 359 723 407 multa
741 359 973 407 fleturum
993 359 1161 416 eaput,

466 433 528 481 ad
546 439 625 480 'me
644 447 879 490 recurres,
900 448 989 480 nee
1009 433 1184 480 vocata
1204 447 1340 479 mens
1359 432 1449 479 tua

526 506 704 553 Marsis
723 506 900 561 redibit
919 505 1146 553 vocibus:

459 579 621 628 maius
635 580 834 636 parabo,
856 580 1013 630 maius
1031 579 1292 626 infundam
1311 580 1402 626 tibi

519 652 790 700 fastidienti
809 651 1053 710 poculum,

459 726 688 783 priusque
708 726 896 775 caelum
916 726 1040 774 sidet
1060 725 1266 773 inferius
1286 727 1426 781 mari,

516 800 693 848 tellure
712 801 1116 856 porrectasuper,

462 889 607 929 quam
626 888 725 921 non
745 880 906 921 'amore
927 873 995 920 sic
1015 887 1121 920 meo
1140 873 1315 928 flagres
1336 873 1410 919 uti

514 946 734 994 bitumen
749 946 875 1000 atris
894 945 1165 1001 ignibus.—

462 1020 563 1069 Sub
580 1020 700 1068 haee
717 1029 840 1076 puer
859 1019 955 1066 iam
976 1035 1074 1067 non
1094 1020 1151 1065 ut
1171 1020 1285 1067 ante
1305 1019 1529 1067 mollibus

519 1093 669 1141 lenire
689 1093 848 1148 verbis
867 1093 1057 1151 impias,

465 1167 549 1214 sed
568 1166 742 1214 dubius
763 1166 890 1214 unde
910 1167 1159 1222 rumperet
1181 1165 1428 1224 silentium

517 1240 646 1286 misit
669 1240 935 1295 Thyesteas
956 1255 1152 1296 precese

461 1314 662 1360 Venena
681 1323 913 1370 mag-num
933 1313 1009 1360 fas
1025 1313 1273 1369 nefasque,
1296 1328 1393 1361 non
1412 1311 1579 1360 valent

518 1388 796 1433 convertere
816 1385 1082 1440 humanam
1102 1386 1255 1432 vicem
1271 1406 1284 1442 3

463 1459 578 1506 «liris
600 1474 743 1517 agam
763 1473 847 1507 vos
864 1477 879 1528 3
911 1458 1019 1506 dira
1038 1458 1299 1506 detestatio

523 1535 658 1581 nulla
677 1533 903 1589 expiatur
921 1531 1150 1588 victimaz

462 1608 595 1665 quin,
616 1607 699 1654 ubi
718 1607 873 1663 perire
892 1606 1049 1653 iussus
1072 1604 1392 1661 exspiravero,

519 1683 788 1729 nocturnus
809 1696 1062 1728 occurram
1084 1680 1243 1726 Furor

466 1755 722 1810 petamque
742 1755 909 1801 vultus
928 1753 1104 1801 umbra
1124 1753 1283 1801 curvis
1303 1752 1558 1811 unguibus,

521 1843 643 1883 quae
663 1827 736 1873 vis
756 1828 956 1874 deorum
977 1828 1052 1873 est
1073 1826 1307 1884 manium,

463 1901 512 1946 et
532 1900 758 1955 inquietis
779 1900 992 1947 assidens
1013 1900 1307 1956 praecordiis

520 1987 698 2028 pavore
719 1976 907 2019 somnos
927 1973 1147 2020 auferam
1165 1993 1178 2020 ε

465 2061 549 2092 vos
569 2045 717 2092 turba
735 2045 934 2092 vicatim
953 2045 1066 2093 hinc
1087 2048 1137 2093 et
1156 2046 1269 2092 hino
1290 2046 1418 2094 saxis
1437 2057 1606 2104 petens

520 2118 787 2167 contundet
805 2118 1034 2166 obscenas
1054 2134 1205 2175 anus;

461 2194 570 2250 post
588 2192 833 2248 insepulta
852 2191 1069 2239 membra
1089 2192 1315 2240 different
1335 2193 1438 2249 lupi

518 2268 568 2313 et
589 2267 868 2322 Esquilinae
888 2265 1027 2313 alites
1043 2286 1056 2322 ;

465 2355 618 2397 neque
639 2340 729 2387 hoe
749 2341 976 2396 parentes
994 2339 1091 2388 heu
1112 2339 1230 2387 mihi
1251 2342 1535 2397 superstites

519 2414 749 2471 effugerit
769 2414 1117 2470 spectaculum,

426 2563 564 2611 [145]
