2109 2975
735 209 1052 252 CARMINUM
1088 212 1169 252 111.
1196 220 1226 250 v

530 307 732 365 derepta
751 307 851 356 vidi
867 328 880 365 3
911 308 1010 357 vidi
1030 324 1121 366 ego
1141 309 1317 357 civium

529 383 716 428 retorta
734 383 874 437 tergo
892 381 1121 429 bracchia.
1140 382 1291 431 libero

583 456 843 511 portasque
863 470 961 502 non
983 455 1174 503 clausas
1193 459 1243 503 et
1264 472 1384 505 arva,

636 528 803 576 Marte
825 528 916 576 coli
937 528 1171 586 populata.
1190 532 1371 584 nostro.

214 635 272 682 25
525 618 661 666 Auro
681 633 915 675 repensus
935 619 1121 667 scilicet
1142 621 1298 668 acrior

526 691 660 739 miles
681 691 1152 748 redibit—Flamin
1173 693 1353 741 additis

581 765 811 812 damnum
831 786 842 812 z
874 780 1028 821 neque
1049 765 1251 813 amissos
1273 767 1454 814 colores

633 837 749 885 lana
767 837 919 885 refert
939 838 1181 886 medicata
1196 839 1324 896 fam,

522 943 610 976 nec
631 943 747 975 vera
766 928 942 985 virtus,
966 944 1078 976 cum
1098 928 1245 976 semel
1265 930 1461 985 excidit,

214 1011 272 1054 30
524 1002 665 1049 curat
685 1000 853 1058 reponi
873 1001 1208 1049 deterioribus.

579 1073 632 1121 Si
649 1076 838 1131 pugnat
859 1074 1102 1122 extricata
1122 1075 1280 1123 densis

633 1163 778 1196 cerva
797 1148 973 1206 plagis,
995 1148 1089 1196 erit
1108 1148 1189 1195 ille
1209 1148 1367 1206 fortis,

519 1237 602 1294 qui
621 1238 815 1295 perfidis
834 1253 884 1286 se
905 1238 1112 1286 credidit
1131 1238 1365 1295 hostibus,

518 1313 570 1359 et
591 1310 756 1359 Marte
776 1311 961 1359 Poenos
981 1313 1199 1368 proteret
1219 1311 1390 1369 altero,

211 1405 267 1450 35
575 1385 656 1441 qui
676 1386 781 1432 lora
800 1384 1040 1432 restrictis
1061 1384 1256 1433 lacertis

621 1458 781 1525 ¹sensit
801 1457 931 1506 iners
949 1456 1209 1515 timuitque
1228 1461 1450 1507 mortem.

520 1548 635 1606 Hic,
656 1548 784 1611 unde
804 1548 958 1611 ¹vitam
980 1550 1192 1595 sumeret
1212 1548 1406 1605 inscius,

520 1636 689 1678 pacem
709 1621 869 1670 duello
890 1621 1102 1670 miscuit.
1164 1621 1206 1668 O
1225 1621 1405 1678 pudor!

576 1695 621 1742 Ο
638 1710 819 1752 magna
849 1694 1120 1752 Carthago,
1140 1694 1383 1751 probrosis

211 1790 270 1833 40
631 1768 776 1815 altior
794 1768 971 1816 Italiae
991 1768 1146 1815 ruinis
1166 1772 1175 1814 Ξ

519 1857 701 1905 Fertur
720 1857 921 1914 pudicae
940 1858 1159 1916 coniugis
1178 1858 1394 1906 osculum

516 1946 784 1987 parvosque
804 1931 946 1979 natos
967 1933 1024 1978 ut
1045 1931 1219 1987 capitis
1238 1931 1395 1979 minor

572 2004 634 2051 ab
655 2020 705 2052 se
724 2005 982 2054 removisse
1002 2008 1053 2054 et
1074 2004 1261 2052 virilem

629 2079 798 2126 torvus
818 2078 954 2126 humi
974 2078 1188 2136 posuisse
1208 2078 1399 2125 vultum
1420 2099 1431 2126 :

208 2182 265 2227 45
516 2170 666 2217 donec
686 2168 904 2216 labantes
925 2168 1123 2217 consilio
1140 2171 1306 2224 patres

528 2243 747 2289 firmaret
769 2244 939 2290 auctor
959 2257 1224 2298 numquam
1244 2242 1364 2290 alias
1384 2243 1515 2299 dato,

573 2316 796 2372 interque
817 2317 1090 2364 maerentes
1110 2316 1287 2363 amicos

628 2389 850 2446 egregius
871 2391 1158 2446 properaret
1178 2388 1333 2438 exsul.

329 2479 370 2514 37
409 2478 541 2526 aptius
555 2479 657 2514 codd.
668 2480 719 2514 al.
762 2478 856 2514 hinc
866 2480 960 2515 coni.
974 2479 1099 2514 Bentl.
1141 2479 1258 2514 timui
1306 2488 1355 2514 ue
1369 2479 1534 2514 mortem
1550 2478 1645 2514 hinc

292 2519 398 2554 unde
413 2519 537 2553 utam
552 2522 724 2555 sumeret
737 2519 882 2561 aptius,
901 2529 1035 2560 pacem
1050 2520 1092 2554 et
1107 2519 1240 2554 duello
1252 2528 1291 2554 m
1308 2520 1425 2555 nouit.

387 2575 505 2626 [79]
