2109 2975
771 193 882 234 ARs
914 192 1161 233 POETIGA

291 294 498 342 Format
515 293 643 341 enim
663 293 842 339 natura
862 291 996 347 prius
1015 305 1103 338 nos
1122 289 1257 337 intus
1276 290 1340 337 ad
1356 303 1546 337 omnem

292 367 603 414 fortunarum
622 365 844 413 habitum
863 384 875 421 ;
904 364 1042 411 iuvat
1062 365 1151 411 aut
1169 362 1376 418 impellit
1395 362 1458 408 ad
1476 360 1600 409 iram

188 457 269 487 110
293 441 381 487 aut
400 439 463 487 ad
481 439 685 486 humum
706 449 921 486 maerore
939 436 1080 494 gravi
1099 436 1294 484 deducit
1313 436 1364 484 et
1383 435 1520 493 angit
1538 454 1553 493 3

293 515 401 569 post
421 509 564 561 effert
583 512 732 560 animi
751 514 911 559 motus
931 511 1197 567 interprete
1216 508 1399 566 lingua.

294 586 346 633 Si
364 585 568 633 dicentis
588 586 731 632 erunt
752 584 961 632 fortunis
981 583 1166 630 absona
1185 581 1332 639 dicta,

293 659 503 706 Romani
521 658 696 706 tollent
716 658 899 715 equites
920 657 1200 714 peditesque
1223 655 1530 703 cachinnum.

294 732 528 780 Intererit
545 731 755 779 multum
775 731 976 779 divusne
995 730 1225 786 loquatur
1244 744 1308 775 an
1327 729 1484 785 heros,

189 817 271 864 115
294 807 579 854 maturusne
598 820 742 853 senex
761 821 825 852 an
845 805 1004 852 adhuc
1023 804 1224 851 florente
1242 802 1444 849 iuventa

294 879 525 937 fervidus,
546 880 599 926 et
618 880 845 926 matrona
863 880 1036 934 potens
1056 893 1121 924 an
1142 875 1310 923 sedula
1327 874 1514 931 nutrix,

293 955 595 1000 mercatorne
615 966 765 1010 vagus
785 950 1003 999 cultorne
1022 949 1225 997 virentis
1247 948 1407 1006 agelli,

296 1025 504 1074 Colchus
524 1040 588 1073 an
608 1025 858 1082 Assyrius,
881 1024 1059 1071 Tbebis
1079 1022 1297 1069 nutritus
1317 1036 1381 1068 an
1401 1020 1564 1077 Argis.

295 1100 400 1146 Aut
417 1098 601 1146 famam
622 1113 819 1154 sequere
840 1099 928 1145 aut
949 1096 1039 1144 sibi
1061 1094 1400 1143 convenientia
1419 1094 1566 1150 finge.

192 1190 274 1221 120
297 1171 516 1228 Scriptor
535 1172 825 1219 honoratum
846 1171 887 1218 si
906 1171 1033 1218 forte
1052 1167 1245 1225 reponis
1265 1166 1523 1223 Achillem,

295 1245 517 1303 impiger,
538 1244 817 1302 iracundus,
837 1243 1163 1299 inexorabilis,
1185 1255 1312 1298 acer,

295 1319 406 1366 iura
423 1320 568 1374 neget
590 1317 679 1365 sibi
698 1320 833 1374 nata,
855 1316 977 1364 nihil
997 1331 1094 1363 non
1115 1316 1312 1372 arroget
1331 1312 1496 1361 armiS.

300 1391 374 1439 Sit
394 1391 569 1439 Medea
587 1390 724 1438 ferox
743 1389 1036 1447 invictaque,
1060 1388 1229 1437 flebilis
1251 1388 1356 1444 Ino,

299 1464 512 1522 perfidus
532 1463 690 1522 Ixion,
713 1464 768 1512 Io
786 1478 929 1522 vaga,
957 1462 1116 1511 tristis
1137 1461 1350 1511 Orestes.

193 1549 274 1596 125
301 1538 486 1595 Siquid
506 1538 813 1594 inexpertum
835 1551 1038 1585 scaenae
1061 1535 1323 1584 committis
1343 1534 1394 1581 et
1414 1533 1563 1581 audes
1642 1564 1646 1571 ,

300 1626 554 1669 personam
574 1612 787 1660 formare
806 1626 999 1667 novam,
1021 1610 1248 1657 servetur
1261 1609 1325 1656 ad
1344 1607 1495 1654 imum

301 1685 456 1741 qualis
476 1685 538 1733 ab
555 1685 749 1742 incepto
767 1684 1074 1742 processerit,
1096 1685 1146 1731 et
1165 1682 1256 1730 sibi
1274 1680 1478 1729 constet.

302 1758 508 1806 Difficile
527 1759 604 1806 est
623 1759 814 1815 proprie
834 1757 1110 1807 communia
1128 1757 1315 1812 dicere;
1341 1756 1492 1810 tuque

301 1831 482 1879 rectius
502 1832 705 1879 Iliacum
724 1846 920 1879 carmen
939 1830 1136 1879 deducis
1155 1829 1206 1876 in
1226 1830 1383 1883 actus,

197 1925 280 1970 130
302 1920 447 1961 quam
468 1904 508 1951 si
527 1904 765 1961 proferres
783 1904 956 1960 ignota
972 1903 1249 1958 indictaque
1269 1901 1470 1958 primus.

305 1977 508 2026 Publica
526 1978 752 2025 materies
771 1976 953 2033 privati
971 1975 1091 2023 iuris
1109 1974 1221 2032 erit,
1244 1973 1285 2020 si

303 2065 401 2098 non
420 2050 549 2098 circa
567 2048 712 2096 vilem
732 2049 1050 2105 patulumque
1070 2046 1335 2095 moraberis
1355 2043 1537 2100 orbem,

304 2137 393 2170 nec
412 2122 559 2170 verbo
576 2121 779 2170 verbum
800 2121 993 2169 curabis
1013 2120 1214 2168 reddere
1234 2118 1359 2166 fidus

304 2196 563 2252 interpres,
584 2210 674 2243 nec
694 2194 884 2243 desilies
902 2194 1123 2241 imitator
1142 2193 1194 2239 in
1213 2194 1378 2240 artum

201 2282 283 2329 135
306 2269 435 2316 unde
454 2269 624 2325 pedem
645 2268 862 2324 proferre
883 2267 1038 2322 pudor
1057 2267 1190 2314 vetet
1210 2266 1298 2312 aut
1316 2262 1474 2320 'operis
1493 2262 1604 2311 lex:

307 2357 397 2390 nec
418 2341 486 2389 sic
510 2341 709 2397 incipies
729 2342 786 2387 ut
806 2340 1015 2396 scriptor
1034 2338 1241 2395 cyclicus
1261 2337 1404 2385 olim:

311 2415 323 2437 ‘
340 2415 612 2463 Fortunam
632 2413 817 2461 Priami
837 2412 1045 2461 cantabo
1066 2414 1117 2459 et
1137 2411 1293 2458 nobile
1311 2409 1527 2457 bellum.'

311 2486 438 2545 Quid
457 2487 656 2544 dignum
675 2488 817 2535 tanto
834 2486 964 2534 feret
983 2485 1063 2533 hic
1083 2485 1345 2541 promissor
1362 2482 1535 2530 hiatu?

414 2561 554 2611 [295]
