2109 2975
734 194 1074 237 SATIRARUM
1109 196 1144 235 I.
1170 206 1222 236 111

294 292 364 340 nil
384 294 492 341 erat
512 293 562 340 iu
584 293 773 343 loculis.
833 295 1017 344 Noctes
1038 295 1273 351 vigilabat
1293 295 1355 343 ad
1374 294 1533 352 ipsum

293 384 452 426 mane,
473 368 599 416 diem
619 370 780 416 totum
800 369 1041 418 stertebat
1056 390 1071 427 3
1100 369 1170 417 nil
1191 370 1288 416 fuit
1308 385 1538 426 umquam

292 441 360 490 sic
378 442 539 498 impar
553 442 865 490 sibi.—Nunc
881 442 1052 499 aliquis
1069 443 1200 489 dicat
1213 442 1330 489 mihi
1348 442 1402 490 :-‘
1420 443 1547 499 Quid
1565 444 1650 490 tu?

217 529 270 559 20
291 514 491 561 nullane
504 514 654 562 habes
666 514 817 563 vitia?
830 516 841 535 '
872 516 1030 563 Immo
1041 516 1140 562 alia
1150 517 1200 563 et
1213 516 1421 563 fortasse
1442 516 1646 564 minora.

291 587 518 635 Maenius
526 588 774 635 absentem
783 588 995 638 Novium
1009 604 1120 636 cum
1129 590 1368 646 carperet,
1383 589 1395 610 ‘
1406 589 1544 636 Heus
1554 588 1645 645 tu,'

289 660 488 714 quidam
506 660 594 718 ait,
618 660 841 718 ‘ignoras
860 663 928 717 te,
949 677 1014 708 an
1034 663 1093 707 ut
1110 661 1334 718 ignotum
1356 662 1471 709 dare
1493 661 1629 707 nobis

288 733 441 781 verba
477 736 659 789 putas?
676 735 689 755 ’
753 735 764 756 ‘
784 735 995 791 Egomet
1040 734 1107 782 mi
1148 734 1378 792 ignosco:
1423 735 1646 782 Maenius

400 806 575 861 inquit.

290 879 484 926 Stultus
499 881 550 926 et
568 880 816 935 improbus
836 881 914 929 hic
934 896 1071 928 amor
1090 882 1165 929 est
1178 882 1446 937 dignusque
1466 881 1643 928 notari.

210 965 264 1011 25
290 951 415 998 Cum
436 953 524 999 tua
543 953 792 1009 pervideas
812 954 962 1001 oculis
983 953 1113 1001 mala
1132 954 1292 1009 lippus
1312 954 1540 1010 inunctis,

290 1040 378 1071 cur
397 1024 448 1072 in
469 1025 734 1073 amicorum
754 1027 884 1074 vitiis
904 1028 1006 1074 tam
1027 1027 1185 1074 cernis
1205 1028 1403 1074 acutum

289 1113 436 1153 quam
455 1101 544 1146 aut
563 1099 726 1155 aquila
746 1102 834 1147 aut
858 1115 1056 1157 serpens
1083 1100 1411 1156 Epidaurius?
1468 1101 1538 1150 At
1557 1100 1648 1147 tibi

401 1174 575 1219 contra
1122 1195 1128 1200 ·

285 1245 463 1303 evenit,
483 1246 733 1304 inquirant
753 1248 872 1295 vitia
891 1249 949 1294 ut
967 1249 1056 1295 tua
1075 1263 1245 1296 rursus
1263 1249 1315 1295 et
1333 1246 1419 1293 illi.

288 1319 572 1367 Iracundior
589 1323 664 1368 est
683 1321 843 1378 paulo,
865 1321 1025 1368 minus
1044 1322 1189 1377 aptus
1209 1321 1365 1368 acutis

206 1407 263 1449 30
287 1391 486 1439 naribus
506 1392 679 1441 horum
697 1394 979 1450 hominum3
1007 1393 1156 1441 rideri
1176 1393 1328 1448 possit
1346 1407 1402 1439 eo
1420 1392 1546 1448 quod

287 1465 515 1514 rusticius
534 1468 677 1516 tonso
695 1468 813 1525 toga
833 1467 1019 1525 defluit,
1042 1468 1095 1515 et
1115 1466 1240 1514 male
1261 1466 1401 1513 laxus

284 1538 337 1585 in
358 1540 477 1595 pede
497 1541 686 1589 calceus
704 1541 875 1589 haeret
897 1562 908 1589 ε
936 1543 990 1588 at
1009 1543 1086 1588 est
1108 1540 1259 1587 bonus
1279 1541 1336 1587 ut
1354 1539 1524 1586 melior
1556 1539 1627 1585 vii·

286 1628 386 1660 non
419 1613 542 1661 alius
576 1615 846 1673 quisquam,
869 1617 923 1662 at
954 1614 1047 1663 tibi
1077 1613 1279 1671 amicus,
1312 1615 1366 1660 at
1397 1612 1644 1670 ingenium

398 1702 568 1744 Ingens

285 1758 473 1808 inculto
490 1761 614 1809 latet
633 1762 724 1810 hoe
744 1763 834 1810 sub
855 1777 1069 1819 corpore.
1130 1761 1351 1817 Denique
1371 1764 1421 1808 te
1440 1761 1597 1816 ipsum

206 1843 263 1889 35
288 1834 490 1881 concute
510 1849 627 1881 num
646 1850 744 1891 qua
762 1835 853 1882 tibi
872 1834 1104 1882 vitiorum
1123 1834 1355 1881 inseverit
1374 1833 1487 1880 olim

288 1907 482 1963 natura,
496 1908 591 1957 ,aut
610 1907 759 1955 etiam
779 1907 1075 1955 consuetudo
1094 1907 1224 1954 mala
1241 1926 1255 1963 ;
1285 1921 1492 1962 namque

286 1978 520 2037 neglectis
539 1981 727 2028 urenda
745 1981 848 2028 filix
866 1981 1138 2029 innascitur
1156 1980 1303 2038 agris.

286 2051 414 2100 Illuc
431 2055 815 2111 praevertamur,
835 2056 1105 2103 amatorem
1125 2054 1253 2110 quod
1272 2053 1454 2100 amicae

286 2125 452 2180 turpia
469 2125 716 2182 decipiunt
735 2142 931 2175 caecum
950 2128 1087 2185 vitia,
1107 2128 1195 2174 aut
1214 2127 1363 2175 etiam
1381 2126 1487 2182 ipsa.
1506 2125 1624 2173 haec

202 2217 261 2257 40
286 2197 549 2255 delectant,
569 2199 725 2247 veluti
742 2200 1005 2248 Balbinum
1025 2201 1229 2257 polypus
1248 2201 1475 2258 Hagnae.

287 2270 474 2318 Vellem
493 2271 545 2318 in
564 2272 781 2320 amicitia
800 2273 868 2321 sic
886 2289 1189 2330 erraremus3
1220 2275 1271 2322 et
1288 2274 1373 2322 isti

284 2343 439 2391 errori
462 2358 637 2392 nomen
657 2345 814 2393 virtus
833 2346 1072 2402 posuisset
1089 2347 1363 2396 honestum.

286 2416 356 2462 At
377 2419 520 2472 patei·
538 2419 595 2464 ut
613 2418 754 2474 gnati
775 2418 844 2466 sic
864 2433 949 2466 nos
969 2420 1196 2468 debemus
1216 2421 1362 2468 amici

188 2500 197 2509 ·
286 2488 327 2535 si
347 2490 475 2544 quod
496 2489 559 2537 sit
579 2490 750 2538 vitium
772 2506 870 2539 non
890 2491 1113 2541 fastidire
1132 2512 1142 2540 ε
1173 2493 1451 2542 strabonem

385 2563 402 2608 [
423 2575 490 2612 171
510 2564 526 2610 l
1414 2567 1429 2614 [
1450 2576 1474 2607 Β·
1492 2580 1514 2616 5
1533 2569 1548 2614 ]
