2109 2975
708 202 1117 245 EPISTULARUM
1153 203 1188 242 Ι.
1214 211 1260 243 vx

304 295 569 354 improvisa
587 298 731 347 simul
751 300 933 357 species
953 301 1168 349 exterret
1187 302 1464 356 utrumque.

306 370 531 419 Gaudeat
552 388 616 420 an
636 373 815 432 doleat,
838 374 1004 431 cupiat
1023 376 1292 432 metuatue,
1314 374 1428 431 quid
1446 374 1511 422 ad
1528 389 1649 432 rem,

304 444 347 492 si
365 445 592 502 quicquid
609 446 733 496 vidit
753 446 924 495 melius
943 447 1139 504 peiusve
1163 463 1253 495 sua
1271 463 1355 504 spe
1416 448 1422 453 “
1444 467 1451 476 ·

305 517 474 565 defixis
492 518 644 567 oculis
661 518 917 577 animoque
934 522 986 569 et
1005 535 1204 577 corpore
1222 521 1419 577 torpet?

226 593 279 640 15
306 591 475 638 Insani
493 591 683 648 sapiens
702 608 879 641 nomen
898 593 1045 651 ferat,
1067 609 1248 651 aequus
1266 593 1435 651 iniqui,

303 662 440 712 ultra
457 680 603 722 quam
622 666 743 715 satis
762 668 837 716 est
856 667 1094 715 virtutem
1110 666 1155 716 si
1173 668 1312 725 petat
1330 667 1504 724 ipsam.

302 733 329 779 I
349 749 497 792 nunc,
513 737 773 793 argentum
792 737 842 785 et
859 752 1075 798 marmor
1088 741 1231 785 vetus
1242 752 1452 796 aeraque
1461 739 1513 786 et
1529 739 1661 785 artes

302 806 509 865 suspice,
531 823 644 856 cum
661 808 866 866 gemmis
887 809 1061 866 Tyrios
1081 810 1260 859 mirare
1279 810 1491 868 colores;
1536 831 1543 834 ·
1663 814 1666 817 ’

301 880 460 936 gaude
480 881 609 937 quod
627 883 853 939 spectant
870 882 999 931 oculi
1016 885 1069 931 te
1088 883 1221 932 mille
1239 883 1514 940 loquentem
1532 903 1545 940 ;
1572 887 1579 890 '

221 967 278 997 20
302 968 459 1001 navus
478 969 620 1003 mane
637 955 801 1003 forum
820 957 871 1005 et
891 955 1194 1013 vespertinus
1213 957 1324 1013 pete
1343 956 1547 1015 tectum,

302 1042 368 1073 ne
385 1026 494 1083 plus
515 1027 752 1078 frumenti
770 1028 1013 1077 dotalibus
1031 1030 1217 1077 emetat
1235 1029 1368 1087 agris

301 1100 476 1147 Mutus
495 1102 547 1148 et
566 1101 856 1161 (indignum,
876 1103 1004 1159 quod
1024 1103 1089 1150 sit
1107 1102 1347 1158 peioribus
1366 1103 1522 1160 ortus)

299 1172 380 1221 hic
399 1172 491 1221 tibi
511 1173 575 1222 sit
594 1175 758 1231 potius
777 1191 923 1232 quam
941 1177 1000 1223 tu
1019 1175 1254 1224 mirabilis
1273 1175 1361 1224 illi.

302 1246 542 1303 Quicquid
559 1248 650 1296 sub
669 1250 805 1297 terra
822 1250 898 1297 est
917 1248 969 1298 in
989 1249 1209 1306 apricum
1228 1250 1445 1308 proferet
1466 1251 1603 1299 aetas
1620 1271 1646 1307 ;Δ

219 1325 276 1369 25
301 1318 516 1370 defodiet
536 1320 804 1378 condetque
822 1321 1049 1370 nitentia.
1110 1323 1235 1371 Cum
1253 1322 1375 1377 bene
1395 1325 1565 1371 notum

301 1392 517 1449 porticus
535 1394 785 1452 Agrippae
804 1397 856 1443 et
874 1394 955 1443 via
973 1396 1023 1444 te
1043 1395 1348 1453 conspexerit
1367 1397 1515 1454 Appi,

299 1465 373 1516 ire
390 1467 556 1516 tamen
576 1469 731 1518 restat
749 1468 919 1516 Numa
936 1483 1030 1525 quo
1049 1468 1244 1518 devenit
1263 1471 1314 1520 et
1333 1469 1517 1520 Ancus.

303 1540 355 1587 Si
374 1540 505 1588 latus
525 1543 613 1590 aut
632 1557 775 1591 renes
794 1541 965 1590 morbo
982 1544 1297 1602 temptantur
1312 1545 1459 1591 acuto

302 1630 481 1673 quaere
498 1615 669 1673 fugam
689 1615 859 1664 morbi.
920 1615 1008 1664 Vis
1027 1617 1162 1665 recte
1181 1616 1374 1665 vivere:
1403 1617 1509 1674 quis
1529 1633 1625 1665 non
1641 1621 1660 1665 P

222 1696 280 1740 30
305 1686 357 1734 Si
376 1687 534 1735 vii-tus
551 1688 643 1738 hoc
660 1704 763 1738 una
780 1690 941 1745 potest
960 1688 1094 1747 dare,
1112 1688 1258 1738 fortis
1277 1689 1464 1738 omissis
1518 1710 1521 1711 ⁷

303 1760 392 1810 hoc
412 1777 501 1819 age
520 1761 719 1814 deliciis.
776 1762 1027 1811 Virtutem
1047 1763 1200 1813 verba
1218 1768 1363 1820 putas
1383 1765 1434 1811 et

299 1833 464 1882 lucum
484 1834 649 1892 liguas
683 1851 801 1885 cave
820 1851 882 1884 ne
903 1837 1077 1895 portus
1094 1838 1296 1893 occupet
1315 1836 1459 1893 alter,

302 1923 363 1955 ne
384 1907 679 1967 Cibyratica,
699 1924 763 1959 ne
781 1908 1002 1966 Bithyna
1019 1909 1216 1967 negotia
1233 1909 1407 1966 perdas
1423 1928 1437 1966 3
1538 1914 1541 1917 ’

305 1980 436 2029 mille
453 1981 645 2033 talenta
662 1982 1009 2040 rotundentur,
1027 1982 1235 2033 totidem
1247 1982 1421 2039 altera,
1442 1997 1587 2039 porro
1607 1987 1658 2030 et

224 2064 282 2110 35
305 2053 457 2103 tertia
482 2055 743 2105 succedant
761 2056 814 2104 et
831 2070 955 2113 quae
975 2071 1092 2113 pars
1112 2055 1322 2112 quadrat
1339 2070 1568 2104 acervum

306 2126 499 2175 Scilicet
518 2143 719 2178 uxorem
739 2144 850 2177 cum
868 2127 982 2176 dote
1002 2128 1241 2185 fidemque
1261 2130 1312 2176 et
1331 2128 1508 2176 amicos

302 2202 353 2248 et
372 2216 526 2257 genus
546 2202 598 2251 et
615 2201 825 2250 formam
844 2201 1018 2260 regina
1037 2202 1254 2250 Pecunia
1273 2201 1441 2259 donat,

302 2289 359 2322 ac
379 2273 499 2322 bene
518 2277 826 2322 nummatum
845 2274 1045 2323 decorat
1067 2274 1278 2323 Suadela
1296 2275 1569 2330 Venusque.

193 2381 208 2387 -
303 2346 559 2404 Mancipiis
579 2346 789 2404 locuples
809 2349 920 2406 eget
940 2347 1066 2396 aeris
1087 2347 1428 2404 Cappadocum
1449 2363 1534 2395 rex
1555 2368 1565 2394 :

224 2439 279 2479 40
303 2436 362 2468 ne
382 2420 532 2468 fueris
552 2421 631 2470 hic
650 2422 723 2471 tu.
784 2420 1074 2478 chlamydes
1095 2420 1345 2478 Lucullus,
1367 2423 1424 2468 ut
1444 2421 1598 2475 aiunt,

302 2494 342 2542 si
362 2495 523 2552 posset
544 2497 740 2543 centum
760 2509 960 2543 scaenae
980 2494 1210 2551 praebere
1230 2496 1445 2552 rogatus,

397 2569 537 2619 [247]
