2109 2975
210 435 264 480 15

120 1226 264 1273 *25

209 1622 267 1665 30

212 2013 268 2056 35

711 172 1028 215 CARMINUM
1064 171 1147 211 ΙΙΙ.
1173 180 1224 211 ιιι

433 273 544 321 Hac
564 273 615 320 te
633 274 918 328 merentem,
940 270 1132 319 Bacche
1152 271 1311 327 pater,
1332 269 1447 316 tuae

431 360 601 394 vexere
622 345 772 402 tigres
791 344 987 392 indocili
1004 344 1174 401 iugum

488 419 608 466 collo
628 418 880 466 trahentes
899 436 912 475 ;
940 416 1033 464 hac
1053 415 1283 473 Quirinus

540 491 718 542 Martis
737 491 870 547 equis
888 489 1169 538 Acheronta
1186 488 1332 546 fugit,

429 583 627 639 gratum
648 581 841 629 elocuta
861 579 1227 629 consiliantibus

431 656 617 703 Iunone
637 653 760 702 divis
780 675 791 701 ι
820 654 962 711 Ilion,
984 653 1113 703 Ilion

487 728 654 776 fatalis
673 729 979 785 incestusque
997 728 1147 777 iudex

544 803 595 850 et
615 802 791 850 mulier
809 801 1069 859 peregrina
1086 801 1237 850 vertit

429 892 481 939 in
501 893 769 950 pulverem,
792 908 852 941 ex
872 908 966 949 quo
986 892 1211 941 destituit
1231 891 1343 940 deos

435 967 650 1016 mercede
669 968 817 1023 pacta
835 966 1132 1023 Laomedon,
1151 965 1273 1013 mihi

489 1041 744 1096 castaeque
766 1040 1056 1087 damnatum
1078 1038 1327 1087 Minervae

545 1128 654 1160 cum
674 1113 854 1169 populo
873 1116 924 1160 et
944 1113 1066 1161 duce
1086 1112 1417 1160 fraudulento.

429 1210 537 1259 Iam
555 1227 646 1260 nec
665 1211 917 1260 Lacaenae
937 1210 1158 1267 splendet
1178 1208 1429 1256 adulterae

431 1284 646 1333 famosus
665 1285 840 1341 hospes
861 1299 950 1332 nec
971 1282 1157 1331 Priami
1176 1282 1347 1330 domus

486 1358 681 1414 periura
700 1372 947 1415 pugnaces
965 1356 1178 1405 Achivos

546 1431 802 1480 Hectoreis
822 1430 992 1486 opibus
1012 1427 1259 1486 refringit,

432 1530 702 1587 nostrisque
722 1531 926 1578 ductum
947 1526 1261 1576 seditionibus

432 1603 611 1652 bellum
633 1603 829 1651 resedit.
890 1600 1124 1650 Protinus
1143 1601 1193 1648 et
1212 1615 1392 1657 graves

489 1677 588 1725 iras
607 1679 657 1725 et
675 1677 887 1724 invisum
907 1676 1150 1732 nepotem,

530 1750 719 1798 Troica
737 1765 879 1806 quem
900 1748 1091 1805 peperit
1112 1747 1352 1804 sacerdos,

437 1848 590 1896 Marti
611 1848 853 1896 redonabo
873 1867 885 1904 ;
916 1846 1053 1895 illum
1074 1862 1164 1905 ego
1182 1846 1367 1894 lucidas

433 1923 553 1969 inire
574 1922 724 1980 sedes,
746 1922 923 1969 ducere
943 1920 1154 1970 nectaris

495 2010 648 2052 sucos,
670 1996 719 2042 et
740 1994 949 2042 adscribi
966 1994 1142 2050 quietis

551 2067 803 2115 ordinibus
825 2068 986 2124 patiar
1005 2067 1226 2116 deorum.

436 2167 567 2213 Dum
587 2166 760 2224 longus
782 2165 914 2213 inter
936 2165 1122 2212 saeviat
1141 2164 1268 2212 Ilion

434 2241 733 2296 Romamque
753 2242 951 2297 pontus,
975 2237 1189 2294 qualibet
1208 2236 1396 2285 exsules

491 2313 541 2360 in
562 2315 701 2369 parte
721 2314 962 2368 regnanto
979 2311 1111 2359 beati
1130 2331 1142 2368 ;

549 2386 664 2436 dum
685 2385 875 2433 Priami
893 2384 1179 2441 Paridisque
1202 2384 1345 2432 busto

857 2486 898 2521 ³4
937 2482 1085 2518 discere:

397 2540 513 2593 [73]
1427 2539 1558 2587 [03]
