2109 2975
1050 195 1269 235 HORA'I'I

478 293 559 348 qui
582 292 827 340 meliorem
849 293 1008 340 audax
1028 295 1168 339 vocet
1189 293 1238 339 iu
1260 293 1351 348 ius,
1373 292 1502 339 illius
1521 293 1624 339 esto

400 382 455 427 30
479 367 701 413 defensor
721 386 732 422 3
761 366 895 413 fama
916 368 1069 413 civem
1091 382 1328 421 causaque
1350 366 1555 421 priorem

479 453 667 496 sperne,
690 439 816 486 domi
838 439 877 485 si
896 442 1042 486 natus
1064 439 1158 486 erit
1180 440 1449 486 fecundave
1471 439 1693 500 coniunx.

479 513 509 533 ‘⁶
527 512 723 569 Quinte,
731 514 741 532 '
750 515 760 532 '
772 515 911 570 puta,
921 515 1007 560 aut
1019 514 1030 534 ‘
1039 513 1050 534 ‘
1062 513 1222 569 Publi,
1231 515 1240 532 '
1249 514 1260 532 '
1277 513 1510 569 (gaudent
1520 513 1832 568 praenomine

591 585 758 631 molles

478 657 740 712 auriculae)
765 657 795 678 ‘³
819 658 910 705 tibi
930 674 1005 705 me
1026 660 1182 705 virtus
1203 661 1292 705 tua
1311 659 1427 705 fecit
1447 659 1654 705 amicum
1674 678 1685 714 ;

476 730 551 777 ius
572 747 749 787 anceps
769 733 897 790 novi,
920 748 1092 779 causas
1113 733 1370 779 defendere
1390 747 1613 788 possum3

396 810 452 858 35
477 803 649 859 eripiet
669 805 823 860 quivis
843 806 1005 853 oculos
1027 805 1170 852 citius
1192 805 1327 862 mihi,
1349 821 1495 861 quam
1514 806 1564 851 te

476 879 811 933 contemptum
839 894 976 925 cassa
995 894 1118 926 nuce
1143 880 1379 935 pauperet
1398 898 1411 934 ;
1440 878 1555 926 haec
1577 894 1684 926 mea
1712 894 1832 926 cura

590 953 679 1007 est,

477 1038 536 1069 ne
557 1023 671 1088 quid
683 1027 740 1071 tu
755 1025 930 1080 perdas
941 1041 1037 1072 neu
1051 1026 1116 1071 sis
1130 1026 1316 1072 iocus.”
1378 1025 1458 1072 Ire
1474 1026 1671 1072 domum
1682 1027 1832 1081 atque

477 1096 750 1152 pelliculam
772 1113 945 1145 curare
964 1098 1075 1144 iube
1094 1117 1107 1154 ;
1137 1098 1171 1144 fi
1190 1098 1409 1155 cognitor
1428 1099 1545 1156 ipse,

478 1171 644 1226 persta
662 1173 809 1226 atque
830 1170 1031 1227 obdura,
1053 1186 1137 1219 seu
1158 1171 1307 1217 rubra
1328 1171 1562 1219 Canicula
1581 1171 1732 1219 findet

396 1257 456 1299 40
476 1242 689 1288 infantes
710 1243 917 1299 statuas,
939 1257 1023 1289 seu
1044 1243 1213 1299 pingui
1231 1244 1398 1291 tentus
1418 1259 1582 1291 omaso

478 1315 657 1362 Furius
678 1316 904 1363 hibernas
926 1331 1049 1363 cana
1069 1316 1179 1363 nive
1201 1320 1434 1373 conspuet
1453 1317 1621 1373 Alpes.

476 1389 651 1436 Nonne
671 1390 820 1446 vides,
844 1389 1015 1445 aliquis
1037 1389 1200 1437 cubito
1220 1391 1434 1437 stantem
1454 1405 1601 1445 prope
1622 1392 1831 1452 tangens

474 1462 679 1520 inquiet,
701 1464 757 1509 ut
777 1463 985 1521 patiens,
1008 1465 1066 1510 ut
1087 1463 1254 1511 amicis
1275 1465 1436 1522 aptus,
1459 1466 1515 1511 ut
1536 1466 1677 1512 acer?

479 1536 651 1584 Plures
672 1537 926 1587 adnabunt
947 1537 1128 1584 thunni
1148 1539 1199 1585 et
1220 1538 1404 1586 cetaria
1422 1541 1657 1586 crescent.

396 1619 454 1667 45
479 1610 531 1656 Si
550 1610 627 1657 cui
647 1612 903 1666 praeterea
921 1611 1112 1658 validus
1133 1611 1257 1658 male
1276 1611 1404 1658 filius
1423 1611 1475 1658 in
1495 1627 1548 1659 re

477 1683 729 1738 praeclara
746 1684 967 1731 sublatus
988 1683 1166 1740 aletur,
1188 1700 1248 1731 ne
1269 1684 1585 1732 manifestum

477 1756 670 1804 caelibis
690 1756 973 1823 obsequium
994 1757 1147 1803 nudet
1165 1759 1231 1814 te,
1254 1757 1429 1805 leniter
1448 1759 1500 1805 in
1520 1773 1653 1814 spem

476 1829 653 1885 adrepe
675 1829 929 1887 officiosus,
951 1830 1008 1876 ut
1029 1832 1080 1876 et
1101 1830 1313 1877 scribare
1335 1830 1575 1878 secundus

476 1902 613 1950 heres
633 1903 701 1959 et,
722 1902 764 1949 si
784 1902 890 1958 quis
910 1918 1050 1950 casus
1071 1919 1274 1959 puerum
1295 1904 1449 1960 egerit
1471 1904 1612 1961 Orco,

395 1988 451 2034 50
475 1975 527 2021 in
547 1991 755 2022 vacuum
775 1976 940 2023 venias
963 1997 973 2023 ε
1004 1992 1206 2032 perraro
1225 1976 1345 2024 haee
1365 1968 1473 2025 alea
1492 1977 1638 2025 fallit.

478 2049 573 2104 Qui
590 2050 940 2096 testamentum
963 2050 1130 2097 tradet
1149 2050 1240 2096 tibi
1259 2066 1465 2107 cumque
1485 2050 1759 2107 legendum,

474 2121 686 2170 abnuere
705 2123 756 2169 et
775 2122 969 2170 tabulas
990 2139 1022 2170 a
1040 2125 1092 2170 te
1112 2139 1359 2171 removere
1379 2127 1638 2172 memento.

476 2196 553 2242 Sic
573 2197 739 2243 tamen
759 2198 817 2243 ut
836 2196 963 2243 limis
983 2197 1146 2252 rapias
1163 2197 1278 2253 quid
1298 2199 1458 2252 prima
1477 2198 1688 2246 secundo

474 2285 586 2316 cera
604 2270 721 2317 velit
741 2286 916 2327 versu3
960 2271 1091 2318 solus
1113 2271 1344 2319 multisne
1365 2271 1578 2329 coheres,

395 2349 450 2395 55
474 2343 625 2390 veloci
646 2359 875 2400 percurre
895 2344 1047 2390 oculo,
1112 2344 1399 2400 Plerumque
1418 2347 1639 2392 recoctus

475 2416 631 2463 scriba
646 2431 705 2462 ex
724 2417 1037 2471 quinqueviro
1059 2432 1258 2463 corvum
1279 2417 1475 2465 deludet
1494 2418 1727 2474 hiantem,
1800 2473 1805 2476 p

475 2492 791 2544 captatorque
812 2488 947 2536 dabit
969 2488 1096 2535 risus
1119 2490 1299 2538 Nasica
1319 2491 1540 2539 Coran0.'

571 2564 589 2608 [
606 2575 676 2599 222
695 2563 712 2608 ]
