2109 2975
742 160 1080 202 SATIRARUM
1115 161 1171 201 11.
1202 170 1250 200 ιιι

318 260 588 309 Aedificare
609 277 762 319 casae,
784 261 1008 317 plostello
1026 260 1289 318 adiungere
1310 275 1487 317 mures,

319 334 485 382 ludere
506 351 595 390 par
615 335 789 391 impar,
811 335 1030 390 equitare
1048 335 1101 381 in
1120 335 1390 382 harundine
1410 334 1573 392 longa,

320 407 361 454 si
381 423 524 463 quem
543 407 753 455 delectet
772 407 1049 464 barbatum,
1069 409 1285 455 amentia
1302 408 1481 456 verset.

208 491 296 536 250
321 481 374 528 Si
393 481 625 537 puerilius
644 481 720 528 his
739 481 868 528 ratio
886 496 989 528 esse
1008 481 1197 529 evincet
1216 497 1399 537 amare,

319 570 408 602 nec
429 554 686 611 quicquam
706 554 905 602 differre
923 557 1156 602 utrumne
1174 554 1225 602 in
1245 555 1460 611 pulvere,
1481 554 1658 602 trimus

317 628 461 684 quale
481 627 632 685 prius,
653 627 794 675 ludas
813 642 948 684 opust,
969 643 1034 674 an
1052 626 1318 674 meretricis
1337 643 1502 675 amore

320 701 555 749 sollicitus
576 701 753 758 plores,
774 715 970 756 quaero,
990 698 1205 748 faciasne
1223 700 1351 756 quod
1368 700 1481 747 olim

317 777 541 822 mutatus
563 773 830 822 Polemon?
849 789 1001 830 ponas
1020 772 1231 831 insignia
1251 772 1424 830 morbi,

210 855 294 904 255
319 847 562 902 fasciolae,
585 847 784 904 cubital‚
805 846 996 903 focalia,
1017 848 1160 903 potus
1178 848 1239 893 ut
1254 846 1336 894 ille

321 921 501 968 dicitur
519 936 580 968 ex
594 920 718 969 collo
735 920 910 967 furtim
929 919 1164 976 carpsisse
1184 934 1399 977 coronae,

321 996 577 1051 postquam
598 996 674 1041 est
693 993 931 1049 impransi
949 995 1203 1048 correptus
1222 1008 1339 1041 voce
1355 993 1616 1049 magistri?

321 1067 538 1124 Porrigis
557 1067 686 1114 irato
705 1082 857 1123 puero
877 1082 988 1114 cum
1012 1082 1155 1122 poma
1172 1069 1367 1115 recusat
1387 1087 1399 1115 e

323 1142 335 1161 ‘
361 1141 704 1198 Sume,catelle
721 1145 733 1188 Ξ
749 1141 759 1159 ’
792 1143 970 1197 negat:
1002 1139 1043 1187 si
1061 1155 1159 1187 non
1175 1140 1277 1198 des,
1293 1142 1457 1197 optem
1483 1142 1675 1189 amator

212 1214 299 1260 260
323 1214 547 1261 exclusus
566 1213 652 1270 qui
665 1213 836 1270 distat,
858 1214 961 1270 agit
980 1214 1065 1260 uhi
1086 1229 1265 1270 secum,
1288 1216 1370 1261 eat
1388 1230 1453 1264 an
1472 1229 1587 1270 non,
1694 1225 1702 1230 ·

322 1303 418 1344 quo
436 1287 683 1335 rediturus
703 1288 810 1334 erat
831 1301 928 1334 non
948 1287 1225 1345 arcessitus,
1247 1289 1297 1335 et
1315 1287 1486 1335 haeret

320 1361 487 1408 invisis
507 1360 728 1409 foribus?
787 1361 799 1382 ‘
821 1361 925 1408 Nec
943 1376 1092 1417 nunc,
1114 1376 1224 1408 cum
1244 1376 1321 1408 me
1338 1361 1479 1412 vocet
1499 1362 1647 1416 ultre,

322 1435 582 1483 accedam?
611 1450 674 1482 an
694 1434 856 1492 potius
876 1434 1082 1482 mediter
1101 1434 1239 1482 finire
1260 1434 1478 1483 dolores?

324 1509 547 1557 Exclusit
562 1528 575 1565 3
597 1509 792 1556 revocat
808 1529 819 1555 ε
840 1508 1033 1555 redeam
1047 1512 1067 1554 Ρ
1086 1509 1201 1555 Non
1212 1509 1252 1555 si
1264 1509 1516 1556 obsecret?
1548 1508 1675 1556 Ecce

214 1584 300 1636 265
326 1598 494 1630 servus
514 1598 612 1630 non
632 1582 777 1639 paulo
798 1581 1094 1637 sapientior:
1125 1582 1136 1601 ‘
1153 1581 1197 1629 Ο
1215 1596 1312 1638 ere,
1328 1597 1451 1638 quae
1472 1597 1550 1629 res

325 1671 414 1703 nec
435 1655 630 1702 modum
646 1655 794 1703 habet
811 1669 964 1710 neque
977 1654 1228 1702 consilium
1239 1654 1429 1703 ratione
1444 1655 1677 1711 modoque

323 1729 531 1777 tractari
544 1744 643 1776 non
656 1728 784 1775 vult.
813 1728 874 1775 In
889 1743 1052 1775 amore
1061 1728 1181 1775 haec
1194 1730 1310 1774 sunt
1321 1728 1468 1785 mala,
1477 1728 1655 1775 bellum
1664 1766 1676 1787 ,

326 1817 423 1858 pax
442 1818 639 1849 rursum
656 1822 667 1848 ε
699 1801 818 1849 haec
839 1800 880 1848 si
900 1801 1008 1858 quis
1027 1801 1335 1856 tempestatis
1356 1816 1506 1857 prope
1525 1802 1628 1848 ritu

326 1875 522 1922 mobilia
540 1876 591 1922 et
610 1890 754 1922 caeca
771 1874 1018 1921 fluitantia
1036 1875 1166 1921 sorte
1185 1872 1371 1920 laboret

215 1965 303 2007 270
325 1948 527 1995 reddere
547 1950 683 1995 certa
702 1947 808 2004 sibi,
830 1947 980 1995 nihilo
1000 1947 1111 2003 plus
1129 1946 1335 2002 explicet
1354 1963 1410 1994 ac
1429 1946 1470 1993 si

324 2021 536 2069 insanire
556 2023 697 2077 paret
716 2022 852 2067 certa
869 2020 1055 2067 ratione
1076 2020 1340 2076 modoque.’

327 2094 473 2151 Quid,
496 2110 606 2142 cum
625 2093 817 2141 Picenis
837 2109 1096 2149 excerpens
1118 2093 1300 2140 semina
1318 2094 1473 2149 pomis

327 2168 510 2223 gaudes
531 2167 572 2215 si
592 2182 837 2215 cameram
857 2166 1073 2223 percusti
1092 2166 1237 2223 forte,
1259 2181 1404 2222 penes
1423 2168 1474 2213 te
1495 2170 1578 2214 es?

329 2240 473 2298 Quid,
495 2256 604 2288 cum
624 2240 769 2287 balba
789 2240 905 2287 feris
926 2254 1109 2286 annoso
1126 2238 1275 2287 verba
1294 2238 1476 2296 palato,

218 2324 302 2368 275
328 2314 614 2362 aedificante
634 2330 769 2362 casas
790 2314 873 2370 qui
893 2313 1088 2360 sanior?
1143 2312 1284 2360 Adde
1305 2328 1521 2360 cruorem

330 2386 573 2435 stultitiae
613 2388 760 2443 atque
799 2385 962 2442 ignem
1000 2386 1163 2443 gladio
1201 2386 1441 2433 scrutare.
1518 2385 1680 2441 Modv,

442 2460 657 2517 inquam,

431 2534 571 2581 [21⁵]
