2109 2975
307 708 367 753 30

310 1090 365 1133 35

305 1494 364 1535 40

307 1911 364 1955 45

311 2290 365 2334 50

818 203 1130 244 (ΆΒΜῙΝΠΜ
1166 204 1238 244 lv.
1266 214 1312 243 lv

561 315 766 359 sensere,
788 299 902 358 quid
922 317 1055 350 mens
1075 301 1184 361 rite,
1207 303 1320 359 quid
1338 302 1520 351 indoles

561 376 752 424 nutrita
770 375 946 423 faustis
968 377 1059 423 sub
1079 377 1407 432 penetralibus

617 449 796 506 posset,
817 450 932 506 quid
949 450 1163 506 Aug-usti
1181 451 1415 507 paternus

670 521 722 569 in
743 538 916 579 pueros
937 523 1130 571 animus
1151 523 1386 572 Nerones·

556 622 732 671 Fortes
752 625 982 671 creantur
1000 622 1207 672 fortibus
1226 625 1278 672 et
1296 624 1432 672 bonis
1449 643 1463 683 3

559 698 635 743 cst
654 697 705 744 in
724 694 951 753 iuvencis,
973 697 1049 745 est
1068 697 1118 744 in
1138 698 1271 754 equis
1290 701 1487 755 patrum

615 770 788 827 virtuS,
812 784 965 825 neque
981 768 1223 818 imbellem
1243 770 1426 820 feroces

671 844 999 901 progenerant
1018 843 1206 899 aquilae
1226 844 1497 891 columbam
1513 864 1525 902 ;

559 941 782 990 doctrina
797 940 880 990 sed
895 941 993 989 vim
1014 946 1266 999 promovet
1285 943 1499 1002 insitam,

558 1016 771 1071 rectique
788 1014 948 1062 cultus
964 1017 1164 1073 pectora
1181 1016 1415 1065 roborant
1431 1036 1443 1074 3

614 1087 874 1141 utcumque
893 1084 1112 1132 defecere
1132 1087 1303 1143 mores,

671 1158 953 1205 indecorant
973 1159 1093 1206 bene
1114 1160 1233 1206 nata
1252 1159 1441 1216 culpae.
1513 1179 1518 1184 ·

561 1255 687 1313 Quid
709 1255 898 1314 debeas,
920 1272 949 1304 o
969 1254 1143 1315 Roma,
1160 1258 1452 1316 Neronibus,

558 1329 698 1387 testis
720 1330 1000 1377 Metaurum
1021 1331 1200 1378 flumen
1220 1334 1270 1379 et
1291 1331 1573 1380 Hasdrubal

615 1402 830 1449 devictus
850 1403 901 1449 et
920 1403 1121 1459 pulcher
1140 1403 1325 1460 fugatis

669 1475 749 1523 ille
770 1475 869 1523 dies
889 1476 1032 1525 Latio
1049 1475 1278 1535 tenebris,

556 1577 636 1632 qui
657 1577 842 1633 primus
863 1578 991 1624 alma
1010 1575 1119 1624 risit
1138 1576 1329 1635 adorea,

556 1650 689 1696 dirus
709 1667 795 1706 per
813 1651 956 1698 urbes
977 1652 1100 1699 Afer
1119 1652 1176 1700 ut
1196 1652 1349 1700 Italas

612 1739 701 1769 ceu
719 1723 914 1771 flamma
933 1739 1019 1780 per
1037 1724 1207 1772 taedas
1228 1725 1305 1772 vel
1327 1726 1490 1772 Eurus

669 1812 756 1852 per
777 1796 963 1844 Siculas
984 1798 1221 1854 equitavit
1241 1799 1413 1847 undas,

559 1895 676 1941 Post
696 1893 785 1942 hoc
806 1896 1027 1943 secundis
1048 1911 1197 1952 usque
1217 1896 1480 1944 laboribus

556 1965 778 2014 Romana
796 1967 946 2023 pubes
966 1968 1134 2027 crevit,
1156 1970 1206 2016 et
1226 1969 1368 2026 impio

612 2041 808 2087 vastata
827 2039 1097 2089 Poenorum
1119 2041 1336 2090 tumultu

668 2108 787 2155 fana
804 2107 916 2156 deos
935 2109 1149 2158 habuere
1168 2113 1342 2170 rectoS,

555 2200 774 2255 dixitque
795 2199 993 2247 tandem
1015 2201 1227 2256 perfidus
1250 2202 1501 2250 Hannibal
1521 2226 1531 2252 ι

559 2273 719 2330 Cervi,
743 2273 968 2329 luporum
991 2275 1173 2330 praeda
1192 2276 1458 2334 rapacium,

614 2348 856 2393 sectamur
875 2346 1023 2404 ultro,
1045 2363 1163 2403 quos
1182 2350 1370 2405 opimus

669 2418 838 2466 fallere
859 2421 909 2466 et
928 2421 1145 2478 effugere
1168 2424 1242 2468 est
1261 2423 1553 2478 triumphus.

914 2512 954 2542 3ss
994 2509 1229 2546 dedecorant

485 2566 500 2611 s
521 2567 622 2613 115]
