2109 2975
1044 200 1264 242 HORA'H

465 314 554 348 nec
566 299 765 348 redeant
777 298 956 347 iterum
968 301 1113 357 atque
1126 301 1302 348 iterum
1318 301 1584 358 spectanda
1591 300 1817 350 theatris.

385 391 443 433 40
466 374 664 428 Arguta
681 374 936 422 meretrice
954 377 1094 430 potes
1115 375 1347 431 Davoque
1370 375 1631 424 Chremeta

466 447 690 495 eludente
711 462 870 494 senem
891 449 1038 495 comis
1060 450 1245 507 garrire
1266 449 1450 496 libellos

467 535 592 567 unus
612 520 848 578 vivorum,
871 522 1097 569 Fundani
1115 542 1127 579 3
1156 522 1310 569 Pollio
1330 536 1501 578 regum

465 594 601 640 facta
620 594 754 641 canit
770 595 894 650 pede
913 597 991 642 ter
1010 611 1264 651 percuss03
1296 596 1423 642 forte
1442 610 1555 650 epos
1574 610 1687 642 acer

467 668 524 713 ut
543 682 684 715 nemo
702 668 881 716 Varius
901 668 1036 716 ducit
1055 688 1068 726 ;
1098 669 1240 717 molle
1260 670 1405 724 atque
1423 669 1641 716 facetum

387 747 441 794 45
467 741 681 798 Vemilio
699 745 979 791 annuerunt
998 743 1264 801 gaudentes
1285 757 1400 789 rure
1420 742 1678 790 Camenae.

468 814 576 862 Hoc
595 816 719 872 erat,
741 818 941 872 experto
959 816 1149 863 frustra
1167 816 1387 863 Varrone
1408 815 1617 863 Atacino

445 910 449 915 ⁷
467 889 613 944 atque
625 889 911 945 quibusdam
923 890 1031 938 aliis
1039 926 1051 946 ‚
1067 889 1238 936 melius
1248 889 1375 945 quod
1388 888 1597 936 scribere
1612 901 1798 944 possem
1807 925 1818 945 ,

465 961 719 1010 inventore
737 963 923 1020 minor;
952 979 1107 1019 neque
1127 978 1217 1019 ego
1235 962 1307 1009 illi
1325 962 1582 1010 detrahere
1602 962 1758 1009 ausim

467 1034 749 1084 haerentem
769 1037 919 1093 capiti
936 1052 1047 1084 cum
1067 1037 1226 1083 multa
1244 1036 1387 1083 laude
1407 1049 1648 1084 coronam.

391 1125 446 1167 50
470 1109 541 1156 At
559 1109 659 1156 dixi
677 1111 826 1158 fluere
845 1111 974 1157 hunc
992 1111 1307 1167 lutulentum,
1330 1123 1473 1166 saepe
1489 1110 1730 1157 ferentem

471 1182 614 1237 plura
631 1183 824 1238 quidem
843 1183 1059 1231 tollenda
1077 1184 1419 1240 relinquendis.
1480 1184 1604 1241 Age,
1625 1199 1819 1240 quaeso,

467 1258 528 1302 tu
546 1255 667 1302 nihil
684 1255 737 1303 in
756 1270 934 1312 magno
953 1257 1125 1304 doctus
1145 1257 1458 1313 reprehendis
1479 1257 1726 1305 Homero?

467 1329 553 1376 Nil
572 1329 719 1377 comis
737 1328 914 1387 tragici
931 1333 1093 1377 mutat
1114 1331 1327 1378 Lucilius
1348 1330 1496 1379 Acci?
1575 1358 1582 1364 -

470 1403 584 1450 Non
601 1403 728 1450 ridet
747 1418 914 1451 versus
935 1403 1070 1451 Enni
1088 1405 1331 1461 gravitate
1352 1405 1576 1461 minores,
1601 1445 1604 1448 ,

392 1484 445 1533 55
471 1492 582 1525 cum
602 1476 661 1525 de
680 1491 732 1525 se
751 1475 968 1533 loquitur
987 1493 1084 1526 non
1104 1480 1161 1525 nt
1180 1479 1360 1527 maiore
1381 1478 1656 1535 reprensis?

471 1551 598 1608 Quid
617 1552 753 1599 vetat
771 1553 822 1599 et
841 1554 1028 1599 nosmet
1049 1553 1206 1601 Lucili
1226 1553 1410 1609 scripta
1427 1554 1641 1611 legentes

469 1639 716 1682 quaerere,
737 1640 856 1672 num
874 1625 1020 1684 illius,
1042 1642 1161 1674 num
1181 1643 1346 1675 rerum
1368 1628 1493 1674 dura
1511 1628 1704 1685 negarit

467 1697 726 1746 versiculos
746 1701 926 1746 natura
945 1700 1101 1757 magis
1121 1701 1280 1748 factos
1300 1701 1351 1748 et
1370 1702 1541 1747 euntes

469 1770 677 1829 mollins,
698 1786 756 1819 ac
777 1772 818 1818 si
837 1773 943 1829 quis
964 1773 1166 1830 pedibus
1186 1774 1301 1829 quid
1320 1773 1544 1821 claudere
1566 1773 1708 1830 senis,

390 1852 449 1894 60
468 1845 558 1892 hoc
577 1846 773 1892 tantum
793 1848 1068 1904 contentus,
1090 1848 1222 1894 amet
1242 1847 1488 1903 scripsisse
1506 1847 1738 1894 ducentos

468 1921 583 1966 ante
603 1919 762 1966 cibum
782 1934 967 1977 versus,
988 1921 1195 1967 totidem
1214 1922 1444 1976 eenatns3
1475 1920 1674 1967 Etrusci

468 1992 608 2047 quale
626 1991 724 2038 fuit
744 1992 881 2040 Cassi
899 1993 1071 2048 rapido
1089 1993 1360 2040 ferventius
1380 1993 1511 2040 amni

468 2064 732 2122 ingenium,
754 2065 912 2121 capsis
931 2080 1075 2120 quem
1095 2066 1231 2112 fama
1249 2067 1324 2112 est
1342 2081 1446 2113 esse
1466 2066 1695 2121 librisque

469 2138 744 2186 ambustum
759 2138 1000 2194 propriis?
1056 2138 1230 2186 Fuerit
1251 2138 1481 2196 Lucilius,
1504 2140 1719 2195 inquam,

391 2211 447 2270 65
470 2211 617 2258 comis
637 2212 688 2258 et
707 2211 942 2267 urbanus,
962 2211 1115 2258 fuerit
1136 2211 1350 2258 limatior
1368 2211 1494 2259 idem

469 2299 613 2340 quam
633 2283 766 2330 rudis
786 2285 836 2330 et
857 2284 1057 2331 Graecis
1077 2284 1253 2330 intacti
1272 2285 1500 2331 carminis
1521 2287 1711 2341 auctor,

470 2371 706 2414 quamque
726 2357 980 2412 poetarum
1001 2357 1245 2404 seniorum
1264 2357 1414 2404 turba
1434 2377 1445 2405 ε
1476 2357 1559 2405 sed
1574 2358 1674 2416 ille,

470 2432 511 2479 si
530 2431 659 2477 foret
678 2430 767 2477 hoc
787 2432 1010 2477 nostrum
1029 2431 1139 2478 fato
1157 2431 1336 2478 dilatus
1356 2431 1407 2478 in
1427 2446 1618 2490 aevum,

695 2577 712 2624 J
756 2522 796 2553 68
839 2518 1017 2561 delapsus
1032 2520 1148 2561 (codd.
1163 2522 1334 2564 plerique
1351 2519 1537 2563 dilapsus)

573 2578 589 2624 l
610 2578 680 2627 Ῑ96
