2109 2975
744 202 1081 245 SATIRARUH
1124 205 1157 244 Ι.
1186 213 1217 243 ιι

297 315 418 357 quos
437 300 573 348 ultra
590 300 809 357 citraque
827 301 997 358 nequit
1017 301 1281 349 consistere
1300 303 1507 349 rectum.

298 373 425 421 Illuc
444 374 573 422 unde
593 373 689 422 abii
708 375 868 430 redeo,
888 374 971 430 qui
990 390 1149 431 nemo,
1169 376 1226 421 ut
1245 390 1438 431 avarus,

300 463 350 493 se
373 447 561 504 probet,
583 463 640 495 ac
660 448 820 504 potius
839 448 1006 495 laudet
1026 448 1219 495 diversa
1237 450 1507 505 sequentes,

193 536 277 567 110
300 521 519 577 quodque
539 521 695 568 aliena
712 521 897 577 capella
915 523 1057 578 gerat
1080 521 1340 569 distentius
1358 521 1479 569 uber

298 594 534 651 tabescat,
555 609 708 651 neque
728 610 780 643 se
797 594 967 641 maiori
986 595 1330 651 pauperiorum

299 667 472 714 turbae
484 670 748 725 comparet,
758 667 890 716 hunc
902 670 1049 725 atque
1061 668 1192 716 hunc
1205 684 1435 724 superare
1448 668 1650 715 laboret.

299 740 381 788 Sic
400 739 657 789 festinanti
675 757 864 797 semper
882 741 1170 797 locupletior
1187 740 1370 797 obstat,

298 815 373 870 ut,
397 829 506 861 cum
527 814 798 862 carceribus
819 815 987 862 missos
1007 814 1140 870 rapit
1158 814 1346 871 ungula
1364 829 1554 871 currus,

194 898 275 944 115
299 887 455 935 instat
475 888 608 944 equis
629 888 799 945 auriga
818 903 931 936 suos
950 887 1269 944 vincentibus,
1291 888 1428 934 illum

301 961 624 1017 praeteritum
643 963 866 1009 temnens
886 963 1127 1009 extremos
1145 961 1275 1009 inter
1294 962 1509 1008 euntem.

299 1034 422 1081 Inde
446 1034 503 1082 fit
523 1036 580 1082 ut
599 1050 713 1082 raro
732 1034 815 1091 qui
835 1049 886 1082 se
904 1033 1081 1081 vixisse
1099 1033 1297 1081 beatum

298 1106 446 1164 dicat,
467 1109 518 1155 et
540 1109 711 1155 exacto
730 1108 990 1155 contentus
1010 1108 1230 1163 tempore
1248 1107 1354 1153 vita

301 1180 442 1228 cedat
462 1181 539 1227 uti
557 1180 760 1228 conviva
780 1182 935 1238 satur,
956 1180 1169 1237 reperire
1190 1195 1437 1236 queamus.

196 1271 278 1301 120
301 1253 408 1300 Iam
424 1254 543 1302 satis
562 1256 654 1302 est.
714 1254 792 1301 Ne
811 1269 888 1301 me
909 1252 1120 1309 Crispini
1140 1253 1318 1301 scrinia
1336 1253 1458 1310 lippi

301 1327 581 1384 compilasse
601 1329 759 1384 putes,
781 1326 983 1376 verbum
1002 1342 1101 1374 non
1121 1326 1331 1383 amplius
1344 1326 1539 1374 addam.

944 1582 1001 1630 11

300 1699 741 1746 Aurusuliana
764 1697 986 1757 collegia,
1008 1695 1428 1755 pharmacopolae,

301 1771 524 1828 mendici,
545 1771 737 1830 mimtoe,
757 1771 1051 1830 balatrones,
1071 1772 1163 1820 hoc
1181 1785 1335 1829 genus
1354 1783 1496 1816 omne

301 1846 541 1892 maestum
561 1860 618 1892 ac
638 1844 895 1893 sollicitum
915 1846 990 1892 est
1014 1844 1226 1893 cantoris
1246 1844 1404 1890 morte
1425 1841 1617 1899 Tigeni.

304 1916 490 1973 Quippe
498 1917 735 1975 benignus
744 1920 873 1967 erat.
929 1917 1115 1965 Contra
1125 1916 1292 1973 hic,ne
1304 1914 1538 1975 prodigus
1553 1929 1657 1962 esse

253 2008 278 2054 5
302 1988 493 2036 dicatur
512 1991 748 2047 metuens,
769 1989 902 2047 inopi
921 1989 1038 2037 dare
1059 1989 1181 2037 nolit
1201 1987 1375 2045 amico,

301 2062 459 2117 frigus
479 2078 572 2119 quo
591 2063 856 2120 duramque
874 2063 1055 2110 famem
1076 2061 1344 2118 propellere
1362 2060 1532 2117 possit.

301 2131 450 2179 Hunc
470 2131 511 2178 si
530 2132 844 2189 perconteris,
865 2131 945 2179 avi
965 2146 1053 2178 cur
1072 2131 1218 2186 abque
1233 2129 1451 2187 parentis

302 2204 602 2260 praeclaram
623 2205 820 2264 ingrata
838 2206 1054 2262 stringat
1074 2204 1232 2253 malus
1252 2203 1468 2261 ingluvie
1488 2220 1610 2261 rem,

302 2274 465 2321 omnia
483 2274 733 2322 conductis
753 2276 975 2322 coemens
994 2273 1193 2322 obsonia
1213 2273 1441 2331 nummis,

225 2356 279 2386 10
303 2346 521 2394 sordidus
542 2349 685 2403 atcme
705 2346 853 2395 animi
873 2347 999 2404 quod
1018 2347 1157 2405 parvi
1176 2347 1298 2395 nolit
1316 2346 1501 2403 haberi,

301 2421 577 2476 respondet.
637 2420 893 2468 Laudatur
912 2420 974 2468 ab
994 2419 1087 2478 his,
1109 2420 1339 2479 culpatur
1356 2420 1551 2470 abillis.

826 2513 885 2545 108
928 2518 1073 2546 nemon
1087 2509 1132 2546 ut

402 2566 418 2612 [
440 2566 542 2614 165]
