2109 2975
696 192 1035 234 SATIRARUM
1075 194 1135 235 ΙΙ.
1159 202 1204 233 τι

217 303 242 351 5
267 292 404 340 Maia
423 292 557 349 nate,
578 289 671 339 nisi
689 292 747 339 ut
767 291 964 348 propria
981 291 1102 339 haee
1122 291 1239 340 mihi
1259 304 1463 338 munera
1480 289 1625 340 faxis.

268 365 322 411 Si
339 379 498 422 neque
514 364 749 413 maiorem
767 365 862 413 feci
882 365 1071 412 ratione
1089 365 1221 412 mala
1238 381 1341 414 rem

266 453 355 486 nee
376 452 488 487 sum
503 438 730 487 facturus
748 437 868 486 vitio
886 439 1092 495 culpave
1113 439 1348 488 minorem
1364 460 1379 498 ς

267 512 312 560 si
328 515 536 561 veneror
554 512 738 560 stultus
754 512 879 560 nihil
896 512 1076 560 horum
1095 530 1109 563 t
1139 512 1153 536 ‘
1167 511 1210 561 Ο
1229 513 1271 561 si
1289 514 1498 572 angulus
1517 514 1600 561 ille

267 585 517 642 proximus
537 585 737 633 accedat
756 584 841 641 qui
857 598 990 633 nuno
1008 585 1263 633 denormat
1284 587 1522 644 agellum!

192 671 244 703 10
269 658 313 707 Ο
343 658 384 706 si
407 674 587 707 ,urnam
617 658 816 715 argenti
843 657 946 706 fors
973 673 1099 714 quae
1126 659 1246 708 mihi
1280 662 1536 718 monstret,
1568 656 1626 707 ut

263 806 497 853 thesauro
513 806 712 853 invento
731 803 816 863 qui
833 801 1190 854 mercennarius
1211 821 1385 862 agrum

266 878 407 926 illum
425 879 584 935 ipsum
600 880 851 927 mercatus
871 879 1047 938 aravit,
1070 880 1206 928 dives
1227 881 1382 928 amico

269 952 514 1000 Hercule!
533 952 546 973 ’
566 969 581 1009 ς
611 951 652 999 si
672 953 801 1008 quod
821 952 961 1002 adest
979 956 1180 1011 gratum
1200 953 1353 1011 iuvat,
1375 954 1468 1002 hae
1488 969 1625 1009 prece

382 1026 434 1072 te
453 1038 538 1072 oro
554 1042 569 1074 ε

268 1098 451 1155 pingue
470 1111 616 1155 pecus
637 1097 831 1145 domino
850 1098 1003 1146 facias
1023 1101 1075 1146 et
1095 1102 1260 1148 cetera
1278 1102 1476 1156 praeter

194 1180 246 1228 15
268 1171 537 1229 ingenium,
558 1173 709 1228 utque
732 1171 855 1220 soles
876 1173 1038 1220 custos
1059 1173 1178 1220 mihi
1197 1173 1439 1221 maximus
1459 1173 1605 1220 adsis.

270 1244 409 1303 Ergo
427 1244 511 1292 ubi
522 1259 599 1292 me
616 1245 670 1292 in
689 1247 880 1293 montes
896 1247 947 1293 et
965 1246 1017 1293 in
1037 1261 1198 1294 arcem
1211 1262 1273 1295 ex
1285 1247 1406 1295 urbe
1425 1247 1624 1304 removi,

268 1318 384 1373 quid
403 1317 542 1374 prius
557 1317 800 1366 illustrem
820 1317 984 1365 satiris
1003 1333 1237 1375 musaque
1255 1319 1503 1377 pedestri?

267 1390 373 1438 Nee
392 1390 523 1439 mala
538 1405 618 1438 me
637 1390 839 1439 ambitio
855 1391 1016 1447 perdit
1033 1406 1123 1439 nec
1141 1391 1395 1448 plumbeus
1414 1389 1600 1439 Auster

269 1466 632 1522 autumnusque
648 1464 831 1524 gravis,
850 1464 1094 1513 Libitinae
1114 1467 1345 1521 quaestus
1365 1464 1584 1514 acerbae.

191 1547 247 1580 20
270 1538 518 1586 Matutine
538 1540 695 1596 pater,
717 1553 819 1595 seu,
842 1539 976 1595 Iane,
997 1537 1225 1585 libentius
1253 1540 1410 1596 audis,

269 1611 396 1658 unde
415 1610 631 1658 homines
651 1625 851 1666 operum
870 1610 1051 1667 primos
1071 1610 1293 1667 vitaeque
1312 1611 1500 1660 labores

267 1684 552 1738 instituunt,
574 1684 643 1731 sic
662 1683 736 1730 dis
753 1682 1006 1741 placitum,
1027 1685 1086 1730 tu
1106 1684 1332 1733 carminis
1352 1688 1457 1734 esto

271 1757 580 1813 principium.
636 1755 822 1804 Romae
842 1771 1124 1813 sponsorem
1143 1773 1220 1806 me
1240 1760 1372 1815 rapis
1394 1781 1404 1806 ι
1436 1760 1447 1781 ⁶
1466 1758 1574 1816 Eia,

271 1845 333 1878 ne
352 1829 487 1887 prior
504 1828 658 1878 officio
677 1828 937 1887 quisquam
952 1831 1261 1889 respondeat,
1282 1833 1438 1891 urge!

193 1911 249 1958 25
273 1903 386 1953 Sive
408 1903 582 1960 Aquilo
599 1903 731 1952 radit
750 1906 910 1952 terras
930 1918 1015 1952 seu
1033 1904 1210 1952 bruma
1227 1903 1438 1953 nivalem

270 1977 503 2025 interiore
522 1977 647 2025 diem
668 1991 790 2036 gyro
806 1977 981 2034 trahit,
1002 1977 1074 2026 ire
1094 1990 1287 2027 neeesse
1297 1980 1398 2027 est.

273 2050 533 2098 Postmodo
551 2048 678 2107 quod
697 2051 765 2098 mi
784 2051 910 2099 obsit
932 2051 1064 2099 clare
1084 2055 1367 2110 certumque
1386 2053 1567 2110 locuto,

231 2169 236 2173 .
269 2124 558 2171 luctandum
575 2123 628 2171 in
647 2123 796 2171 turba
815 2126 866 2172 et
884 2124 1113 2173 fanienda
1128 2125 1307 2173 iniuria
1324 2127 1496 2174 tardis.

274 2197 287 2219 ‘
303 2197 430 2255 Quid
467 2197 559 2254 vis,
587 2197 774 2258 insane,
803 2200 855 2246 et
893 2213 1016 2256 quas
1052 2214 1131 2247 res
1161 2200 1265 2257 agis
1280 2202 1300 2248 Ρ
1317 2200 1329 2221 '
1376 2199 1625 2257 improbus

382 2273 530 2328 urget

196 2360 250 2406 30
272 2343 414 2392 iratis
431 2344 683 2401 precibus3
712 2345 727 2369 ‘
747 2346 807 2392 tu
824 2343 986 2401 pulses
1006 2360 1148 2394 omne
1168 2346 1295 2403 quod
1313 2346 1492 2402 obstat,

273 2417 337 2466 ad
355 2417 691 2467 Maeeenatem
712 2419 913 2467 memori
932 2419 973 2468 si
992 2422 1156 2468 mente
1175 2423 1432 2468 recurras?
1454 2420 1465 2441 ²

275 2491 384 2541 Hoc
399 2492 538 2539 iuvat
547 2494 601 2540 et
608 2491 739 2541 melli
751 2494 826 2540 est
845 2511 860 2550 ς
878 2507 976 2542 non
992 2494 1218 2543 mentiar.
1249 2495 1319 2541 At
1333 2491 1475 2541 simul
1491 2492 1627 2539 atras

372 2566 389 2613 [
407 2577 479 2614 225
497 2568 513 2613 ]
1430 2567 1494 2614 [11
1512 2566 1531 2616 1
