2109 2975
996 185 1218 226 HORATI

489 280 607 339 Quis
628 279 843 328 Martem
863 280 1031 331 tunica
1050 283 1238 331 tectum
1258 284 1576 334 adamantina

490 356 633 412 digne
653 355 917 414 scripserit,
947 358 1034 404 aut
1054 358 1255 413 pulvere
1275 358 1451 406 Troico

357 438 407 484 15
489 430 682 487 nigrum
703 430 971 488 Merionen,
992 433 1080 478 ant
1099 446 1190 486 ope
1207 431 1421 479 Palladis

658 502 874 558 Tydiden
896 504 1080 560 superis
1100 507 1299 560 parem?

489 619 593 667 Nos
613 618 847 677 convivia,
868 634 954 666 nos
975 619 1159 676 proelia
1178 620 1420 677 virginum

488 691 633 739 sectis
653 691 705 737 in
723 690 921 738 iuvenes
940 691 1184 748 unguibus
1206 693 1391 740 acrium

487 766 740 813 cantamus
760 764 917 821 vacui,
939 764 1038 813 sive
1059 766 1172 821 quid
1192 766 1397 824 urimur,

350 851 406 879 20
657 853 754 886 non
773 839 970 894 praeter
989 838 1185 886 solitum
1205 839 1349 904 leves.

1036 1128 1140 1176 VII

431 1245 790 1291 LAUDABUNT
810 1243 893 1290 alii
912 1243 1095 1291 claram
1116 1245 1323 1294 Rhodon
1344 1247 1431 1293 aut
1451 1244 1721 1302 Mytilenen

599 1318 687 1365 aut
707 1316 935 1372 Epheson
955 1313 1214 1366 bimarisve
1236 1319 1459 1367 Corinthi

430 1390 617 1439 moenia
636 1389 711 1437 vel
731 1388 925 1437 Baccho
945 1389 1136 1439 Thebas
1157 1391 1231 1439 vel
1256 1392 1475 1448 Apolline
1497 1391 1711 1448 Delphos

597 1459 809 1515 insignes
829 1459 917 1507 aut
937 1458 1171 1509 Thessala
1189 1461 1385 1519 Tempe.

379 1550 406 1595 5
432 1535 559 1582 Sunt
571 1533 742 1590 quibus
753 1549 906 1580 unum
923 1548 1041 1590 opus
1054 1536 1130 1581 est
1142 1534 1359 1582 intactae
1367 1534 1583 1582 Palladis
1596 1535 1767 1583 urbem

599 1606 810 1655 carmine
829 1609 1065 1663 perpetuo
1085 1607 1328 1656 celebrare
1348 1610 1398 1656 et

428 1676 637 1733 undique
657 1677 936 1732 decerptam
955 1675 1110 1724 fronti
1129 1693 1423 1734 praeponere
1443 1678 1635 1727 olivam.

596 1749 844 1797 Plurimus
863 1749 914 1796 in
936 1749 1134 1797 Iunonis
1153 1751 1382 1798 honorem

428 1826 599 1880 aptum
620 1824 747 1871 dicet
765 1824 898 1879 equis
918 1824 1078 1880 Argos
1098 1824 1315 1881 ditesque
1334 1826 1583 1880 Mycenas,

353 1917 406 1947 10
597 1896 680 1944 Me
699 1911 790 1944 nec
808 1898 912 1944 tam
932 1898 1123 1954 patiens
1143 1898 1474 1946 Lacedaemon
1544 1922 1549 1927 ·

427 1985 517 2017 nec
532 1972 636 2017 tam
656 1969 881 2018 Larissae
901 1971 1140 2027 percussit
1159 1987 1358 2028 campus
1378 1971 1584 2028 opimae,

597 2058 744 2099 quam
765 2044 934 2091 domus
955 2044 1208 2093 Albuneae
1228 2046 1501 2093 resonantis

425 2118 475 2164 et
498 2131 726 2172 praeceps
746 2116 875 2164 Anio
893 2133 950 2166 ac
970 2118 1174 2166 Tiburni
1194 2118 1331 2166 lucus
1352 2121 1402 2170 et
1423 2119 1521 2166 uda

597 2190 852 2239 mobilibus
873 2192 1092 2248 pomaria
1110 2193 1244 2239 rivis.

352 2284 401 2329 15
425 2265 583 2313 Albus
602 2267 660 2313 ut
679 2265 883 2314 obscuro
902 2266 1124 2323 deterget
1144 2266 1312 2314 nubila
1331 2265 1464 2314 caelo

597 2355 737 2396 saepe
759 2341 918 2388 Notus
938 2356 1093 2396 neque
1112 2340 1327 2396 parturit
1346 2340 1526 2387 imbres

424 2414 675 2470 perpetuo,
698 2414 766 2461 sic
786 2416 845 2461 tn
865 2413 1056 2470 sapiens
1078 2413 1218 2460 finire
1238 2416 1483 2461 memento

592 2487 847 2534 tristitiam
869 2488 1094 2543 vitaeque
1113 2487 1301 2534 labores

519 2563 538 2610 l
557 2562 601 2599 ¹6
617 2562 635 2609 1
