2109 2975
1031 197 1252 241 HORATI

688 291 814 351 Quid
834 291 976 350 latet,
997 295 1055 341 ut
1076 294 1293 342 marinae

520 369 669 416 filium
690 368 857 415 dicunt
879 367 1098 415 Thetidis
1118 367 1208 415 sub
1227 368 1483 417 lacrimosa
1503 368 1677 417 Troiae

388 462 438 508 15
521 518 678 564 cultus
685 442 961 565 ξιῐιιῃιῗαῒᾶθῖπθι
980 442 1225 573 ἔξῃΙΙιιξσίειε
1246 517 1516 574 proriperet
1535 519 1788 565 catervas?

1095 781 1171 827 IX

599 897 792 953 ans,
814 898 872 944 ut
899 895 1001 943 alta
1021 896 1119 943 stet
1138 895 1247 943 nive
1268 894 1525 943 candidum

600 966 814 1022 Soracte,
835 980 924 1012 nec
943 965 1041 1011 iam
1064 964 1337 1012 sustineant
1357 979 1479 1011 onus

632 1063 639 1072 ·
656 1039 803 1086 silvae
824 1038 1102 1087 laborantes
1121 1038 1326 1101 geluque

713 1113 913 1160 flumina
932 1112 1241 1160 constiterint
1261 1112 1421 1174 acuto,

409 1266 435 1311 5
604 1236 823 1289 Dissolve
843 1236 1015 1295 frigus,
1036 1236 1172 1293 ligna
1192 1247 1338 1291 super
1357 1235 1465 1282 foco

599 1311 734 1365 large
755 1325 1006 1365 reponens,
1028 1311 1174 1364 atque
1194 1308 1450 1363 benignius

659 1385 882 1439 deprome
902 1383 1209 1439 quadrimum
1231 1382 1428 1437 Sabina,

707 1473 736 1503 o
756 1456 1057 1516 Thaliarche,
1080 1471 1267 1505 merum
1288 1456 1436 1503 diota.

598 1579 835 1626 Permitte
852 1579 974 1627 divis
995 1581 1174 1636 cetera,
1200 1579 1282 1635 qui
1302 1578 1445 1625 simul
1531 1586 1556 1590 “’

382 1681 435 1710 10
599 1657 817 1706 stravere
836 1657 1005 1702 ventos
1025 1669 1232 1710 aequore
1252 1652 1439 1699 fervido

653 1729 1022 1785 deproeliantes,
1041 1744 1132 1775 nec
1155 1726 1369 1782 cupressi

707 1818 794 1850 nec
814 1804 1000 1850 veteres
1020 1800 1277 1860 agitantur
1295 1799 1417 1847 orni.

598 1925 723 1984 Quid
746 1926 810 1973 sit
829 1925 1055 1973 futurum
1078 1939 1203 1982 cras,
1224 1923 1341 1980 fuge
1362 1938 1591 1979 quaerere
1612 1924 1666 1970 et

594 2017 734 2056 quem
757 1992 878 2046 Fors
898 2000 1085 2047 dierum
1107 2013 1307 2053 cumque
1328 1997 1482 2054 dabit,
1502 1996 1639 2043 lucro

382 2090 433 2135 15
653 2090 857 2130 appone,
877 2089 966 2121 nec
986 2072 1152 2121 dulces
1167 2086 1355 2119 amores

434 2139 438 2142 Α
711 2137 882 2204 sperne
901 2162 1039 2204 puer,
1063 2161 1214 2203 neque
1235 2147 1292 2192 tu
1312 2144 1529 2201 choreas,

597 2270 748 2319 donec
768 2270 944 2319 virenti
965 2269 1167 2318 canities
1187 2268 1325 2317 abest

595 2359 800 2392 morosa.
862 2345 1006 2392 Nunc
1027 2346 1078 2391 et
1099 2359 1298 2399 campus
1318 2345 1368 2390 et
1390 2357 1531 2390 areae

626 2430 631 2435 ·
652 2420 874 2474 lenesque
896 2419 985 2465 sub
1006 2419 1197 2464 noctem
1219 2418 1406 2464 susurri

374 2513 431 2542 20
706 2493 971 2549 composita
991 2493 1279 2546 repetantur
1297 2491 1418 2539 hora
1434 2512 1445 2547 3

557 2568 574 2614 [
594 2568 670 2615 18]
