2109 2975
759 203 1099 245 SATIRARUM
1135 205 1190 245 11.
1220 215 1250 244 π

325 319 397 360 as,
420 302 577 359 laquei
596 305 825 360 pretium.
889 304 900 325 ⁴
917 304 1066 360 Iure‚’
1089 304 1265 361 inquit,
1289 305 1300 326 ‘
1318 304 1551 353 'Ia-ansius
1575 307 1683 353 istis

215 396 303 427 100
325 377 554 432 iurgatur
571 378 730 425 verbis
748 398 759 434 ;
787 393 877 432 ego
891 378 1150 434 vectigalia
1168 394 1347 436 magna

325 449 614 506 divitiasque
633 449 787 498 habeo
805 451 964 497 tribus
983 451 1172 506 amplas
1192 451 1422 508 reg-ibus?
1482 455 1616 510 Ergo

325 523 452 579 quod
472 526 671 579 superat
685 539 785 571 non
803 526 879 570 est
898 523 1186 579 melius-quo
1205 524 1446 572 insumere
1466 527 1651 581 possis?

327 596 430 644 Cur
448 598 563 651 eget
580 596 809 653 indignus
837 596 1104 653 quisquam,
1125 599 1176 644 te
1195 597 1343 645 divite
1362 600 1383 645 Ρ
1440 599 1601 655 Quare

325 670 511 726 templa
529 673 681 717 ruunt
708 671 911 726 antiqua
930 670 1108 717 deum?
1150 671 1266 727 Cur,
1287 670 1520 729 improbe,
1542 687 1683 720 carae

218 763 301 810 105
326 758 423 791 non
444 743 626 799 aliquid
646 744 834 800 patriae
853 745 996 790 tanto
1015 743 1230 791 emetiris
1252 759 1424 791 acervo
1437 747 1459 792 Ρ

327 816 429 863 Uni
446 816 675 864 nimirum
697 817 829 864 recte
849 816 942 863 tibi
960 831 1151 872 semper
1170 819 1315 863 erunt
1334 832 1428 865 res·

327 890 371 938 O
392 905 597 946 magnus
618 890 820 946 posthac
840 889 1048 937 inimicis
1065 890 1191 936 risus
1211 893 1221 936 ἔ
1285 891 1472 938 Uterne

326 963 389 1009 ad
407 978 547 1011 casus
568 963 737 1011 dubios
758 963 874 1010 fidet
894 962 984 1010 sibi
1004 963 1219 1010 certius?
1279 964 1375 1011 Hic
1395 965 1477 1020 qui

327 1036 544 1091 pluribus
565 1037 782 1084 adsuerit
804 1037 1021 1083 mentem*
1037 1051 1304 1092 corpusque
1326 1038 1605 1094 superbum,

220 1129 304 1159 110
327 1125 391 1156 an
411 1110 492 1165 qui
512 1110 768 1157 contentus
790 1124 941 1166 parvo
963 1111 1279 1165 metuensque
1301 1110 1459 1158 futuri

326 1184 377 1228 in
397 1198 515 1238 pace
535 1184 592 1229 ut
612 1183 803 1240 sapiens
821 1183 1009 1238 aptarit
1026 1182 1201 1230 idonea
1218 1183 1375 1232 bello?

328 1257 435 1313 Quo
450 1256 604 1313 magis
616 1256 690 1303 his
704 1257 888 1313 credas,
898 1272 1020 1312 puer
1031 1257 1162 1303 hunc
1173 1272 1262 1314 ego
1274 1273 1453 1314 parvus
1468 1259 1679 1307 Ofellum

326 1330 532 1385 integris
552 1329 719 1385 opibus
740 1329 853 1377 novi
873 1344 970 1376 non
990 1329 1140 1376 latius
1161 1345 1302 1377 usum

327 1418 470 1459 quam
492 1418 621 1456 nunc
642 1403 825 1451 accisis.
887 1402 1068 1449 Videas
1090 1406 1274 1450 metato
1290 1403 1341 1450 in
1357 1405 1515 1459 agello

221 1496 239 1525 1
250 1495 302 1539 15
328 1493 437 1525 cum
458 1492 629 1534 pecore
649 1479 699 1524 et
718 1476 882 1534 gnatis
897 1475 1078 1523 fortem
1099 1477 1315 1525 mercede
1332 1478 1567 1535 colonum,

329 1550 341 1571 ‘
358 1551 471 1598 Non
491 1552 612 1607 ego?
635 1552 936 1607 narrantem,
961 1549 972 1571 ‘
988 1550 1170 1597 temere
1190 1551 1267 1598 edi
1288 1550 1394 1598 luce
1412 1551 1628 1607 profesta

326 1624 580 1679 quicquam
602 1624 796 1679 praeter
815 1622 920 1670 olus
941 1622 1159 1670 fumosae
1180 1638 1288 1670 cum
1309 1622 1427 1678 pede
1447 1638 1640 1679 pernae.

326 1699 400 1744 Ac
420 1696 539 1744 mihi
558 1712 643 1745 seu
662 1696 861 1754 longum
882 1697 992 1752 post
1018 1697 1211 1752 tempus
1232 1697 1432 1743 venerat
1451 1696 1641 1753 hospes,

328 1771 427 1817 sive
454 1786 655 1826 operum
675 1785 829 1818 vacuo
846 1773 1018 1827 gratus
1039 1770 1245 1817 conviva
1263 1786 1350 1826 per
1368 1769 1570 1817 imbrem

222 1863 305 1893 120
329 1845 529 1901 vicinus,
549 1845 670 1892 bene
689 1845 798 1892 erat
817 1859 915 1891 non
936 1843 1147 1899 piscibus
1167 1843 1286 1890 urbe
1307 1843 1489 1900 petitis,

328 1914 412 1961 sed
431 1913 563 1969 pullo
577 1916 722 1970 atque
742 1913 927 1970 haed03
954 1914 1062 1959 tum
1083 1912 1278 1968 pensilis
1298 1928 1396 1960 uva
1414 1913 1647 1960 secundas

327 1988 378 2033 et
399 2002 500 2034 nux
518 1987 727 2034 ornabat
746 2002 938 2034 mensas
957 2002 1068 2033 cum
1089 1985 1278 2041 duplice
1298 1985 1408 2034 ficu.

329 2061 446 2107 Post
465 2060 554 2108 hoc
574 2060 717 2107 ludus
737 2062 844 2107 erat
864 2059 1008 2115 culpa.
1027 2061 1197 2115 potare
1224 2059 1476 2116 magistra,

328 2149 385 2180 ac
405 2136 637 2181 venerata.
656 2134 819 2189 Ceres,
840 2133 914 2180 ita
933 2133 1093 2180 culmo
1113 2134 1336 2191 surgeret
1355 2133 1475 2191 alto,

224 2224 303 2270 125
329 2206 560 2262 explicuit
580 2207 694 2253 vino
714 2207 992 2253 contractae
1012 2205 1139 2251 seria
1156 2205 1349 2253 frontis.

330 2279 526 2326 Saeviat
545 2280 691 2335 atque
711 2293 859 2325 novos
880 2279 1074 2325 moveat
1096 2277 1315 2324 Fortuna
1334 2280 1577 2326 tumultus
1598 2299 1610 2337 ;

329 2354 566 2407 quantum
585 2352 698 2399 hinc
717 2351 1003 2398 imminuet?
1063 2352 1257 2408 Quanto
1276 2353 1363 2399 aut
1382 2368 1471 2409 ego
1491 2354 1683 2408 parcius

442 2428 530 2473 aut
549 2441 649 2483 vos,

329 2503 371 2546 Ο
394 2500 548 2556 pueri,
569 2500 784 2546 nituistis
804 2501 860 2554 ut
880 2499 974 2546 huc
994 2515 1147 2547 novus
1168 2499 1325 2546 incola.
1345 2499 1477 2546 venit
1495 2503 1515 2545 ἓ

427 2572 444 2620 t
466 2572 571 2622 20⁵]
