<?xml version="1.0" encoding="UTF-8"?>
<!DOCTYPE html PUBLIC "-//W3C//DTD XHTML 1.0 Transitional//EN"
    "http://www.w3.org/TR/xhtml1/DTD/xhtml1-transitional.dtd">
<html xmlns="http://www.w3.org/1999/xhtml" xml:lang="en" lang="en">
 <head>
  <title>
</title>
<meta http-equiv="Content-Type" content="text/html;charset=utf-8" />
  <meta name='ocr-system' content='tesseract 3.04.00' />
  <meta name='ocr-capabilities' content='ocr_page ocr_carea ocr_par ocr_line ocrx_word'/>
</head>
<body>
  <div class='ocr_page' id='page_1' title='image "./operaomnia06unkngoog_0084.png"; bbox 0 0 2109 2975; ppageno 0'>
   <div class='ocr_carea' id='block_1_1' title="bbox 391 407 447 452">
    <p class='ocr_par' dir='ltr' id='par_1_1' title="bbox 391 407 447 452">
     <span class='ocr_line' id='line_1_1' title="bbox 391 407 447 452; baseline 0 -15"><span class='ocrx_word' id='word_1_1' title='bbox 391 407 447 452; x_wconf 83' lang='grc'><strong>50</strong></span> 
     </span>
    </p>
   </div>
   <div class='ocr_carea' id='block_1_2' title="bbox 393 829 446 874">
    <p class='ocr_par' dir='ltr' id='par_1_2' title="bbox 393 829 446 874">
     <span class='ocr_line' id='line_1_2' title="bbox 393 829 446 874; baseline 0 0"><span class='ocrx_word' id='word_1_2' title='bbox 393 829 446 874; x_wconf 84' lang='grc'><strong>55</strong></span> 
     </span>
    </p>
   </div>
   <div class='ocr_carea' id='block_1_3' title="bbox 404 2028 456 2059">
    <p class='ocr_par' dir='ltr' id='par_1_3' title="bbox 404 2028 456 2059">
     <span class='ocr_line' id='line_1_3' title="bbox 404 2028 456 2059; baseline 0.019 -1"><span class='ocrx_word' id='word_1_3' title='bbox 404 2028 456 2059; x_wconf 91' lang='lat'><strong>10</strong></span> 
     </span>
    </p>
   </div>
   <div class='ocr_carea' id='block_1_4' title="bbox 408 2447 458 2492">
    <p class='ocr_par' dir='ltr' id='par_1_4' title="bbox 408 2447 458 2492">
     <span class='ocr_line' id='line_1_4' title="bbox 408 2447 458 2492; baseline 0 0"><span class='ocrx_word' id='word_1_4' title='bbox 408 2447 458 2492; x_wconf 90' lang='lat'><strong>15</strong></span> 
     </span>
    </p>
   </div>
   <div class='ocr_carea' id='block_1_5' title="bbox 1038 209 1263 253">
    <p class='ocr_par' dir='ltr' id='par_1_5' title="bbox 1038 209 1263 253">
     <span class='ocr_line' id='line_1_5' title="bbox 1038 209 1263 253; baseline 0 -1"><span class='ocrx_word' id='word_1_5' title='bbox 1038 209 1263 253; x_wconf 79' lang='lat' dir='ltr'><strong>HoRA&#39;n</strong></span> 
     </span>
    </p>
   </div>
   <div class='ocr_carea' id='block_1_6' title="bbox 640 313 1575 593">
    <p class='ocr_par' dir='ltr' id='par_1_6' title="bbox 640 313 1575 593">
     <span class='ocr_line' id='line_1_6' title="bbox 640 313 1498 371; baseline -0.001 -10"><span class='ocrx_word' id='word_1_6' title='bbox 640 314 791 371; x_wconf 73' lang='lat' dir='ltr'><strong>Atqui</strong></span> <span class='ocrx_word' id='word_1_7' title='bbox 811 313 992 363; x_wconf 77' lang='lat' dir='ltr'><strong>sciebat</strong></span> <span class='ocrx_word' id='word_1_8' title='bbox 1012 329 1136 371; x_wconf 85' lang='lat' dir='ltr'><strong>quae</strong></span> <span class='ocrx_word' id='word_1_9' title='bbox 1156 313 1247 362; x_wconf 82' lang='lat' dir='ltr'>sibi</span> <span class='ocrx_word' id='word_1_10' title='bbox 1260 314 1498 361; x_wconf 86' lang='lat' dir='ltr'><strong>barbarus</strong></span> 
     </span>
     <span class='ocr_line' id='line_1_7' title="bbox 640 387 1533 445; baseline -0.002 -10"><span class='ocrx_word' id='word_1_11' title='bbox 640 390 799 436; x_wconf 89' lang='lat' dir='ltr'><strong>tortor</strong></span> <span class='ocrx_word' id='word_1_12' title='bbox 819 390 1016 445; x_wconf 86' lang='lat' dir='ltr'><strong>pararet</strong></span> <span class='ocrx_word' id='word_1_13' title='bbox 1037 409 1048 445; x_wconf 85' lang='lat'>3</span> <span class='ocrx_word' id='word_1_14' title='bbox 1084 404 1181 436; x_wconf 90' lang='lat' dir='ltr'><strong>non</strong></span> <span class='ocrx_word' id='word_1_15' title='bbox 1202 387 1347 436; x_wconf 88' lang='lat' dir='ltr'><strong>aliter</strong></span> <span class='ocrx_word' id='word_1_16' title='bbox 1366 390 1533 435; x_wconf 89' lang='lat' dir='ltr'><strong>tamen</strong></span> 
     </span>
     <span class='ocr_line' id='line_1_8' title="bbox 697 462 1476 519; baseline -0.001 -10"><span class='ocrx_word' id='word_1_17' title='bbox 697 462 896 510; x_wconf 85' lang='lat' dir='ltr'><strong>dimovit</strong></span> <span class='ocrx_word' id='word_1_18' title='bbox 915 463 1163 511; x_wconf 87' lang='lat' dir='ltr'><strong>obstantes</strong></span> <span class='ocrx_word' id='word_1_19' title='bbox 1184 463 1476 519; x_wconf 88' lang='lat' dir='ltr'><strong>propinquos</strong></span> 
     </span>
     <span class='ocr_line' id='line_1_9' title="bbox 754 535 1575 593; baseline -0.002 -10"><span class='ocrx_word' id='word_1_20' title='bbox 754 537 803 583; x_wconf 92' lang='lat' dir='ltr'><strong>et</strong></span> <span class='ocrx_word' id='word_1_21' title='bbox 824 535 1055 593; x_wconf 88' lang='lat' dir='ltr'><strong>populum</strong></span> <span class='ocrx_word' id='word_1_22' title='bbox 1078 536 1263 584; x_wconf 85' lang='lat' dir='ltr'><strong>reditus</strong></span> <span class='ocrx_word' id='word_1_23' title='bbox 1287 536 1575 590; x_wconf 85' lang='lat' dir='ltr'><strong>morantem,</strong></span> 
     </span>
    </p>
   </div>
   <div class='ocr_carea' id='block_1_7' title="bbox 643 659 1594 930">
    <p class='ocr_par' dir='ltr' id='par_1_7' title="bbox 643 659 1594 930">
     <span class='ocr_line' id='line_1_10' title="bbox 643 659 1492 718; baseline -0.002 -11"><span class='ocrx_word' id='word_1_24' title='bbox 643 674 788 716; x_wconf 87' lang='lat' dir='ltr'><strong>quam</strong></span> <span class='ocrx_word' id='word_1_25' title='bbox 808 661 848 707; x_wconf 87' lang='lat' dir='ltr'><strong>si</strong></span> <span class='ocrx_word' id='word_1_26' title='bbox 869 660 1105 709; x_wconf 89' lang='lat' dir='ltr'><strong>clientum</strong></span> <span class='ocrx_word' id='word_1_27' title='bbox 1127 660 1276 718; x_wconf 82' lang='lat' dir='ltr'><strong>longa</strong></span> <span class='ocrx_word' id='word_1_28' title='bbox 1295 659 1492 716; x_wconf 79' lang='lat' dir='ltr'><strong>negotia</strong></span> 
     </span>
     <span class='ocr_line' id='line_1_11' title="bbox 643 733 1347 790; baseline 0 -10"><span class='ocrx_word' id='word_1_29' title='bbox 643 733 907 781; x_wconf 89' lang='lat' dir='ltr'><strong>diiudicata</strong></span> <span class='ocrx_word' id='word_1_30' title='bbox 925 735 1013 782; x_wconf 89' lang='lat' dir='ltr'><strong>lite</strong></span> <span class='ocrx_word' id='word_1_31' title='bbox 1035 735 1347 790; x_wconf 87' lang='lat' dir='ltr'><strong>relinqueret,</strong></span> 
     </span>
     <span class='ocr_line' id='line_1_12' title="bbox 697 807 1464 861; baseline -0.003 -7"><span class='ocrx_word' id='word_1_32' title='bbox 697 808 901 855; x_wconf 86' lang='lat' dir='ltr'><strong>tendens</strong></span> <span class='ocrx_word' id='word_1_33' title='bbox 921 808 1230 855; x_wconf 78' lang='lat' dir='ltr'><strong>Venafranos</strong></span> <span class='ocrx_word' id='word_1_34' title='bbox 1249 807 1302 853; x_wconf 91' lang='lat' dir='ltr'><strong>in</strong></span> <span class='ocrx_word' id='word_1_35' title='bbox 1320 820 1464 861; x_wconf 82' lang='lat' dir='ltr'><strong>agros</strong></span> 
     </span>
     <span class='ocr_line' id='line_1_13' title="bbox 750 880 1594 930; baseline -0.004 -3"><span class='ocrx_word' id='word_1_36' title='bbox 750 883 836 928; x_wconf 88' lang='lat' dir='ltr'><strong>aut</strong></span> <span class='ocrx_word' id='word_1_37' title='bbox 856 881 1287 930; x_wconf 84' lang='lat' dir='ltr'><strong>Lacedaemonium</strong></span> <span class='ocrx_word' id='word_1_38' title='bbox 1307 880 1594 928; x_wconf 72' lang='lat' dir='ltr'><strong>Tarentum.</strong></span> 
     </span>
    </p>
   </div>
   <div class='ocr_carea' id='block_1_8' title="bbox 1124 1127 1201 1174">
    <p class='ocr_par' dir='ltr' id='par_1_8' title="bbox 1124 1127 1201 1174">
     <span class='ocr_line' id='line_1_14' title="bbox 1124 1127 1201 1174; baseline 0 0"><span class='ocrx_word' id='word_1_39' title='bbox 1124 1127 1201 1174; x_wconf 93' lang='lat' dir='ltr'><strong>VI</strong></span> 
     </span>
    </p>
   </div>
   <div class='ocr_carea' id='block_1_9' title="bbox 646 1249 1587 1527">
    <p class='ocr_par' dir='ltr' id='par_1_9' title="bbox 646 1249 1587 1527">
     <span class='ocr_line' id='line_1_15' title="bbox 646 1249 1587 1306; baseline -0.001 -9"><span class='ocrx_word' id='word_1_40' title='bbox 646 1251 899 1297; x_wconf 60' lang='lat' dir='ltr'><strong>Damon</strong></span> <span class='ocrx_word' id='word_1_41' title='bbox 921 1249 1157 1297; x_wconf 87' lang='lat' dir='ltr'><strong>maiorum</strong></span> <span class='ocrx_word' id='word_1_42' title='bbox 1176 1249 1446 1296; x_wconf 85' lang='lat' dir='ltr'><strong>immeritus</strong></span> <span class='ocrx_word' id='word_1_43' title='bbox 1466 1250 1587 1306; x_wconf 87' lang='lat' dir='ltr'><strong>lues,</strong></span> 
     </span>
     <span class='ocr_line' id='line_1_16' title="bbox 646 1322 1509 1380; baseline 0 -10"><span class='ocrx_word' id='word_1_44' title='bbox 646 1324 879 1380; x_wconf 81' lang='lat' dir='ltr'><strong>Romane,</strong></span> <span class='ocrx_word' id='word_1_45' title='bbox 909 1323 1060 1370; x_wconf 91' lang='lat' dir='ltr'><strong>donec</strong></span> <span class='ocrx_word' id='word_1_46' title='bbox 1078 1322 1264 1380; x_wconf 87' lang='lat' dir='ltr'><strong>templa</strong></span> <span class='ocrx_word' id='word_1_47' title='bbox 1281 1322 1509 1370; x_wconf 86' lang='lat' dir='ltr'><strong>refeceris</strong></span> 
     </span>
     <span class='ocr_line' id='line_1_17' title="bbox 701 1394 1459 1458; baseline 0.003 -17"><span class='ocrx_word' id='word_1_48' title='bbox 701 1395 933 1452; x_wconf 79' lang='lat' dir='ltr'><strong>aedesque</strong></span> <span class='ocrx_word' id='word_1_49' title='bbox 951 1394 1169 1458; x_wconf 82' lang='lat' dir='ltr'><strong>labentes</strong></span> <span class='ocrx_word' id='word_1_50' title='bbox 1189 1395 1388 1443; x_wconf 88' lang='lat' dir='ltr'><strong>deorum</strong></span> <span class='ocrx_word' id='word_1_51' title='bbox 1408 1398 1459 1443; x_wconf 88' lang='lat' dir='ltr'><strong>et</strong></span> 
     </span>
     <span class='ocr_line' id='line_1_18' title="bbox 758 1468 1506 1527; baseline 0.005 -11"><span class='ocrx_word' id='word_1_52' title='bbox 758 1468 897 1517; x_wconf 83' lang='lat' dir='ltr'><strong>foeda</strong></span> <span class='ocrx_word' id='word_1_53' title='bbox 916 1468 1054 1527; x_wconf 76' lang='lat' dir='ltr'><strong>nigro</strong></span> <span class='ocrx_word' id='word_1_54' title='bbox 1076 1469 1335 1519; x_wconf 86' lang='lat' dir='ltr'><strong>simulacra</strong></span> <span class='ocrx_word' id='word_1_55' title='bbox 1354 1470 1506 1520; x_wconf 80' lang='lat' dir='ltr'><strong>fumo.</strong></span> 
     </span>
    </p>
   </div>
   <div class='ocr_carea' id='block_1_10' title="bbox 645 1594 1732 1794">
    <p class='ocr_par' dir='ltr' id='par_1_10' title="bbox 645 1594 1732 1794">
     <span class='ocr_line' id='line_1_19' title="bbox 646 1594 1622 1654; baseline 0.002 -12"><span class='ocrx_word' id='word_1_56' title='bbox 646 1594 734 1642; x_wconf 85' lang='lat' dir='ltr'><strong>Dis</strong></span> <span class='ocrx_word' id='word_1_57' title='bbox 754 1596 805 1643; x_wconf 88' lang='lat' dir='ltr'><strong>te</strong></span> <span class='ocrx_word' id='word_1_58' title='bbox 824 1595 1057 1642; x_wconf 85' lang='lat' dir='ltr'><strong>minorem</strong></span> <span class='ocrx_word' id='word_1_59' title='bbox 1078 1596 1204 1652; x_wconf 87' lang='lat' dir='ltr'><strong>quod</strong></span> <span class='ocrx_word' id='word_1_60' title='bbox 1222 1595 1365 1654; x_wconf 79' lang='lat' dir='ltr'><strong>geris,</strong></span> <span class='ocrx_word' id='word_1_61' title='bbox 1386 1596 1622 1653; x_wconf 83' lang='lat' dir='ltr'><strong>imperas:</strong></span> 
     </span>
     <span class='ocr_line' id='line_1_20' title="bbox 645 1663 1732 1722; baseline 0.004 -12"><span class='ocrx_word' id='word_1_62' title='bbox 645 1663 758 1711; x_wconf 90' lang='lat' dir='ltr'><strong>hinc</strong></span> <span class='ocrx_word' id='word_1_63' title='bbox 776 1679 917 1712; x_wconf 88' lang='lat' dir='ltr'><strong>omne</strong></span> <span class='ocrx_word' id='word_1_64' title='bbox 937 1663 1247 1722; x_wconf 89' lang='lat' dir='ltr'><strong>principium,</strong></span> <span class='ocrx_word' id='word_1_65' title='bbox 1266 1665 1362 1714; x_wconf 89' lang='lat' dir='ltr'><strong>huc</strong></span> <span class='ocrx_word' id='word_1_66' title='bbox 1381 1666 1513 1715; x_wconf 82' lang='lat' dir='ltr'><strong>refer</strong></span> <span class='ocrx_word' id='word_1_67' title='bbox 1531 1666 1732 1715; x_wconf 85' lang='lat' dir='ltr'><strong>exitum.</strong></span> 
     </span>
     <span class='ocr_line' id='line_1_21' title="bbox 704 1736 1447 1794; baseline 0.007 -12"><span class='ocrx_word' id='word_1_68' title='bbox 704 1736 771 1783; x_wconf 94' lang='lat' dir='ltr'><strong>Di</strong></span> <span class='ocrx_word' id='word_1_69' title='bbox 797 1736 954 1784; x_wconf 87' lang='lat' dir='ltr'><strong>multa</strong></span> <span class='ocrx_word' id='word_1_70' title='bbox 975 1737 1186 1794; x_wconf 78' lang='lat' dir='ltr'><strong>neglecti</strong></span> <span class='ocrx_word' id='word_1_71' title='bbox 1206 1738 1447 1787; x_wconf 86' lang='lat' dir='ltr'><strong>dederunt</strong></span> 
     </span>
    </p>
   </div>
   <div class='ocr_carea' id='block_1_11' title="bbox 760 1810 1469 1868">
    <p class='ocr_par' dir='ltr' id='par_1_11' title="bbox 760 1810 1469 1868">
     <span class='ocr_line' id='line_1_22' title="bbox 760 1810 1469 1868; baseline 0.007 -11"><span class='ocrx_word' id='word_1_72' title='bbox 760 1810 1026 1868; x_wconf 77' lang='lat' dir='ltr'><strong>Hesperiae</strong></span> <span class='ocrx_word' id='word_1_73' title='bbox 1048 1811 1179 1859; x_wconf 91' lang='lat' dir='ltr'><strong>mala</strong></span> <span class='ocrx_word' id='word_1_74' title='bbox 1205 1811 1469 1862; x_wconf 77' lang='lat' dir='ltr'><strong>luctuosae.</strong></span> 
     </span>
    </p>
   </div>
   <div class='ocr_carea' id='block_1_12' title="bbox 648 1910 1583 2069">
    <p class='ocr_par' dir='ltr' id='par_1_12' title="bbox 648 1910 1583 2069">
     <span class='ocr_line' id='line_1_23' title="bbox 649 1910 1583 1988; baseline 0.004 -4"><span class='ocrx_word' id='word_1_75' title='bbox 649 1910 757 1987; x_wconf 58' lang='lat' dir='ltr'><strong>iam</strong></span> <span class='ocrx_word' id='word_1_76' title='bbox 777 1938 850 1986; x_wconf 89' lang='lat' dir='ltr'><strong>bis</strong></span> <span class='ocrx_word' id='word_1_77' title='bbox 872 1939 1129 1986; x_wconf 79' lang='lat' dir='ltr'><strong>Monaeses</strong></span> <span class='ocrx_word' id='word_1_78' title='bbox 1150 1941 1200 1986; x_wconf 88' lang='lat' dir='ltr'><strong>et</strong></span> <span class='ocrx_word' id='word_1_79' title='bbox 1220 1939 1392 1986; x_wconf 90' lang='lat' dir='ltr'><strong>Pacori</strong></span> <span class='ocrx_word' id='word_1_80' title='bbox 1412 1955 1583 1988; x_wconf 89' lang='lat' dir='ltr'><strong>manus</strong></span> 
     </span>
     <span class='ocr_line' id='line_1_24' title="bbox 648 2011 1503 2069; baseline 0.002 -11"><span class='ocrx_word' id='word_1_81' title='bbox 648 2026 745 2059; x_wconf 90' lang='lat' dir='ltr'><strong>non</strong></span> <span class='ocrx_word' id='word_1_82' title='bbox 764 2012 1037 2067; x_wconf 82' lang='lat' dir='ltr'><strong>auspicatos</strong></span> <span class='ocrx_word' id='word_1_83' title='bbox 1059 2011 1281 2059; x_wconf 89' lang='lat' dir='ltr'><strong>contudit</strong></span> <span class='ocrx_word' id='word_1_84' title='bbox 1295 2012 1503 2069; x_wconf 87' lang='lat' dir='ltr'><strong>impetus</strong></span> 
     </span>
    </p>
   </div>
   <div class='ocr_carea' id='block_1_13' title="bbox 710 2085 1466 2216">
    <p class='ocr_par' dir='ltr' id='par_1_13' title="bbox 710 2085 1466 2216">
     <span class='ocr_line' id='line_1_25' title="bbox 710 2085 1466 2141; baseline 0.003 -9"><span class='ocrx_word' id='word_1_85' title='bbox 710 2087 899 2134; x_wconf 89' lang='lat' dir='ltr'><strong>nostros</strong></span> <span class='ocrx_word' id='word_1_86' title='bbox 919 2088 969 2132; x_wconf 91' lang='lat' dir='ltr'><strong>et</strong></span> <span class='ocrx_word' id='word_1_87' title='bbox 990 2085 1218 2133; x_wconf 84' lang='lat' dir='ltr'><strong>adiecisse</strong></span> <span class='ocrx_word' id='word_1_88' title='bbox 1236 2087 1466 2141; x_wconf 85' lang='lat' dir='ltr'><strong>praedam</strong></span> 
     </span>
     <span class='ocr_line' id='line_1_26' title="bbox 759 2159 1437 2216; baseline 0 -8"><span class='ocrx_word' id='word_1_89' title='bbox 759 2159 1009 2216; x_wconf 88' lang='lat' dir='ltr'><strong>torquibus</strong></span> <span class='ocrx_word' id='word_1_90' title='bbox 1029 2160 1216 2216; x_wconf 76' lang='lat' dir='ltr'><strong>exiguis</strong></span> <span class='ocrx_word' id='word_1_91' title='bbox 1234 2160 1437 2209; x_wconf 82' lang='lat' dir='ltr'><strong>renidet.</strong></span> 
     </span>
    </p>
   </div>
   <div class='ocr_carea' id='block_1_14' title="bbox 650 2285 1559 2488">
    <p class='ocr_par' dir='ltr' id='par_1_14' title="bbox 650 2285 1559 2488">
     <span class='ocr_line' id='line_1_27' title="bbox 650 2285 1444 2342; baseline -0.003 -9"><span class='ocrx_word' id='word_1_92' title='bbox 650 2287 810 2334; x_wconf 88' lang='lat' dir='ltr'><strong>Paene</strong></span> <span class='ocrx_word' id='word_1_93' title='bbox 829 2288 1114 2342; x_wconf 88' lang='lat' dir='ltr'><strong>occupatam</strong></span> <span class='ocrx_word' id='word_1_94' title='bbox 1135 2285 1444 2333; x_wconf 86' lang='lat' dir='ltr'><strong>seditionibus</strong></span> 
     </span>
     <span class='ocr_line' id='line_1_28' title="bbox 651 2359 1559 2427; baseline -0.003 -18"><span class='ocrx_word' id='word_1_95' title='bbox 651 2361 826 2427; x_wconf 84' lang='lat' dir='ltr'><strong>delevit</strong></span> <span class='ocrx_word' id='word_1_96' title='bbox 847 2361 1031 2409; x_wconf 88' lang='lat' dir='ltr'><strong>Urbem</strong></span> <span class='ocrx_word' id='word_1_97' title='bbox 1053 2361 1217 2408; x_wconf 87' lang='lat' dir='ltr'><strong>Dacus</strong></span> <span class='ocrx_word' id='word_1_98' title='bbox 1237 2361 1288 2406; x_wconf 89' lang='lat' dir='ltr'><strong>et</strong></span> <span class='ocrx_word' id='word_1_99' title='bbox 1307 2359 1559 2416; x_wconf 85' lang='lat' dir='ltr'><strong>Aethiops,</strong></span> 
     </span>
     <span class='ocr_line' id='line_1_29' title="bbox 707 2432 1387 2488; baseline -0.004 -5"><span class='ocrx_word' id='word_1_100' title='bbox 707 2436 785 2483; x_wconf 91' lang='lat' dir='ltr'><strong>hic</strong></span> <span class='ocrx_word' id='word_1_101' title='bbox 805 2436 956 2483; x_wconf 87' lang='lat' dir='ltr'><strong>classe</strong></span> <span class='ocrx_word' id='word_1_102' title='bbox 976 2432 1284 2488; x_wconf 80' lang='lat' dir='ltr'><strong>formidatuS,</strong></span> <span class='ocrx_word' id='word_1_103' title='bbox 1307 2432 1387 2480; x_wconf 88' lang='lat' dir='ltr'><strong>ille</strong></span> 
     </span>
    </p>
   </div>
   <div class='ocr_carea' id='block_1_15' title="bbox 579 2508 1439 2630">
    <p class='ocr_par' dir='ltr' id='par_1_15' title="bbox 579 2508 1439 2630">
     <span class='ocr_line' id='line_1_30' title="bbox 694 2508 1439 2565; baseline -0.001 -8"><span class='ocrx_word' id='word_1_104' title='bbox 694 2538 697 2545; x_wconf 79' lang='lat'>‹</span> <span class='ocrx_word' id='word_1_105' title='bbox 764 2509 1023 2557; x_wconf 85' lang='lat' dir='ltr'><strong>missilibus</strong></span> <span class='ocrx_word' id='word_1_106' title='bbox 1043 2508 1213 2556; x_wconf 89' lang='lat' dir='ltr'><strong>melior</strong></span> <span class='ocrx_word' id='word_1_107' title='bbox 1232 2508 1439 2565; x_wconf 76' lang='lat' dir='ltr'><strong>sagittis.</strong></span> 
     </span>
     <span class='ocr_line' id='line_1_31' title="bbox 579 2584 695 2630; baseline 0.009 -1"><span class='ocrx_word' id='word_1_108' title='bbox 579 2585 596 2629; x_wconf 90' lang='grc'>[</span> <span class='ocrx_word' id='word_1_109' title='bbox 615 2584 695 2630; x_wconf 88' lang='lat'><strong>80]</strong></span> 
     </span>
    </p>
   </div>
  </div>
 </body>
</html>
