2109 2975
1009 204 1232 247 HORATI
1321 196 1325 201 ’

441 299 663 349 Fufidius
681 315 868 358 vappae
887 299 1071 349 famam
1090 300 1233 349 timet
1254 314 1312 348 ac
1330 296 1601 356 nebulonis,

443 374 575 422 dives
596 374 743 431 agris,
765 374 897 423 dives
916 374 1086 431 positis
1105 374 1157 422 in
1176 375 1345 421 fenore
1363 373 1574 421 nummis
1596 392 1607 419 ε

443 448 614 503 quinas
634 447 713 495 hic
729 448 878 505 capiti
897 448 1139 497 mercedes
1158 449 1351 497 exsecat
1372 449 1517 504 atque

368 533 420 579 15
444 523 626 578 quanto
644 521 878 579 perditior
895 522 1095 579 quisque
1114 524 1189 570 est
1207 522 1351 569 tanto
1371 521 1531 569 acrius
1549 521 1694 579 urget
1715 538 1727 577 ;

442 595 639 642 nomina
658 596 876 643 sectatur
893 596 1034 643 modo
1053 597 1252 651 sumpta
1268 595 1404 643 veste
1424 593 1553 641 virili

440 667 530 714 sub
549 668 771 724 patribus
792 668 926 716 duris
944 669 1177 716 tironum.
1239 667 1253 689 ‘
1267 667 1517 725 Maxime,'
1540 666 1647 723 quis
1666 680 1784 723 non,

441 740 454 762 ‘
472 740 693 796 Iuppiter
713 744 724 788 Ξ
742 741 753 760 ’
772 740 1012 789 exclamat
1021 740 1164 787 simul
1174 739 1319 795 atque
1332 739 1551 786 audivit?
1580 738 1666 786 ‘At
1680 739 1732 785 in
1746 755 1798 787 se

440 828 528 868 pro
541 814 746 870 quaestu
765 814 1013 869 sumptum
1026 812 1148 860 facit
1160 812 1272 859 hic.'
1323 811 1423 859 Vix
1436 812 1631 860 credere
1645 812 1797 867 possis

363 898 419 929 20
441 902 585 944 quam
607 885 697 934 sibi
715 901 812 933 non
832 885 896 933 sit
916 885 1116 944 amicus,
1136 885 1209 933 ita
1225 885 1285 932 ut
1304 887 1447 941 pater
1463 884 1562 942 ille,
1584 885 1787 933 Terenti

439 960 609 1008 fabula
627 974 770 1016 quem
788 960 1016 1007 miserum
1035 961 1187 1017 gnato
1204 958 1380 1007 vixisse
1398 957 1573 1016 fugato

437 1033 642 1092 inducit,
663 1048 760 1081 non
781 1049 831 1082 se
850 1033 986 1090 peius
1006 1032 1295 1081 cruciaverit
1315 1034 1460 1088 atque
1480 1031 1573 1079 hic.

441 1108 492 1156 Si
524 1107 630 1165 quis
663 1123 794 1155 nunc
829 1107 1051 1164 quaerat,
1090 1105 1103 1127 ‘
1120 1106 1227 1163 Quo
1258 1120 1336 1154 res
1369 1104 1489 1154 haec
1523 1104 1767 1161 pertinet?
1782 1105 1795 1125 ’

549 1180 694 1228 illue:

441 1253 574 1301 Dum
594 1253 755 1300 vitant
775 1251 916 1299 stulti
941 1251 1077 1308 vitia,
1098 1250 1151 1298 in
1171 1250 1415 1299 contraria
1434 1253 1655 1299 currunt.

362 1340 417 1387 25
441 1329 682 1377 Maltinus
701 1326 882 1374 tunicis
901 1326 1120 1374 demissis
1140 1326 1360 1374 ambulat
1381 1346 1393 1383 3
1426 1328 1500 1375 est
1521 1327 1604 1382 qui

435 1404 618 1460 inguen
638 1401 700 1449 ad
718 1400 976 1449 obscenum
997 1400 1243 1448 subductis
1262 1415 1412 1457 usque
1431 1400 1619 1448 facetus
1637 1419 1651 1457 3

438 1475 658 1534 pastillos
679 1474 891 1523 Rufillus
911 1474 1026 1533 olet,
1051 1473 1329 1531 Gargonius
1349 1473 1556 1522 hircum.

438 1550 524 1598 Nil
544 1548 756 1597 medium
774 1550 865 1597 est.
908 1549 1038 1595 Sunt
1059 1548 1141 1605 qui
1160 1548 1316 1595 nolint
1334 1547 1555 1605 tetigisse
1573 1547 1667 1595 nisi
1684 1546 1797 1594 illas

438 1639 644 1679 quarum
665 1621 867 1669 subsuta.
883 1620 1009 1668 talos
1027 1620 1167 1678 tegrat
1184 1620 1357 1668 instita
1374 1621 1508 1667 veste
1527 1639 1539 1677 ;

362 1712 419 1757 3ο
441 1697 613 1744 contra
632 1694 756 1742 alius
775 1693 962 1741 nullam
980 1692 1076 1740 nisi
1094 1692 1244 1740 olenti
1261 1692 1313 1740 in
1333 1692 1517 1740 fornice
1536 1693 1775 1740 stantem.‘

441 1769 649 1826 Quidam
668 1768 813 1814 notus
831 1766 976 1814 homo
995 1781 1107 1814 cum
1126 1766 1282 1815 exiret
1300 1765 1501 1824 fornice,
1526 1767 1538 1787 ‘
1554 1766 1719 1814 Macte

438 1842 624 1889 virtute
643 1841 781 1899 esto,'
803 1839 961 1897 inquit
980 1840 1224 1888 sententia
1242 1838 1322 1886 dia
1343 1839 1557 1896 Catonis,

439 1916 452 1939 ‘
471 1931 587 1962 nam
606 1913 750 1962 simul
769 1928 826 1962 ac
844 1927 991 1961 venas
1009 1913 1199 1961 inflavit
1215 1915 1380 1960 taetra
1399 1912 1546 1959 libido

438 1989 535 2035 huc
553 1987 750 2035 iuvenes
769 2001 975 2043 aequum
994 1988 1072 2036 est
1091 1984 1395 2043 descendere,
1415 2001 1513 2033 non
1533 1986 1717 2032 alienas
1795 1994 1797 1998 “

361 2079 418 2125 35
440 2059 704 2117 permolere
723 2060 930 2107 uxores.'
992 2059 1006 2081 ‘
1024 2059 1189 2108 Nolim
1206 2058 1485 2116 laudarier,'
1507 2058 1681 2114 inquit,

441 2135 453 2156 ‘
474 2134 543 2182 sic
561 2133 671 2191 me,'
694 2133 896 2181 mirator
915 2132 1063 2181 cunni
1082 2132 1379 2189 Cupiennius
1398 2131 1510 2180 albi.

440 2207 624 2255 Audire
644 2208 719 2255 est
739 2221 910 2264 operae
928 2206 1159 2263 pretium,
1180 2206 1439 2262 procedere
1456 2206 1589 2252 recte

441 2281 523 2337 qui
543 2280 751 2328 moechis
770 2295 867 2327 non
887 2279 1054 2335 vultiS‚
1077 2279 1135 2325 ut
1155 2278 1288 2325 omni
1307 2280 1450 2334 parte
1469 2278 1693 2325 laborent
1712 2295 1724 2331 ;

442 2356 591 2410 utque
610 2353 706 2401 illis
725 2353 883 2400 multo
902 2352 1134 2408 corrupta
1152 2351 1315 2400 dolore
1334 2351 1575 2408 voluptas,

363 2444 420 2485 40
446 2430 590 2483 atque
611 2427 729 2473 haec
749 2440 865 2472 rara
883 2425 1027 2473 cadat
1046 2425 1172 2472 dura
1190 2424 1321 2472 inter
1340 2441 1480 2482 saepe
1501 2424 1696 2481 pericla.

445 2501 541 2547 Hic
562 2514 609 2545 se
629 2497 941 2554 praecipitem
962 2498 1093 2545 tecto
1112 2497 1273 2554 dedit;
1303 2497 1383 2545 ille
1403 2497 1605 2555 flagellis

542 2571 557 2618 [
580 2571 681 2616 166]
