<?xml version="1.0" encoding="UTF-8"?>
<!DOCTYPE html PUBLIC "-//W3C//DTD XHTML 1.0 Transitional//EN"
    "http://www.w3.org/TR/xhtml1/DTD/xhtml1-transitional.dtd">
<html xmlns="http://www.w3.org/1999/xhtml" xml:lang="en" lang="en">
 <head>
  <title>
</title>
<meta http-equiv="Content-Type" content="text/html;charset=utf-8" />
  <meta name='ocr-system' content='tesseract 3.04.00' />
  <meta name='ocr-capabilities' content='ocr_page ocr_carea ocr_par ocr_line ocrx_word'/>
</head>
<body>
  <div class='ocr_page' id='page_1' title='image "./operaomnia06unkngoog_0191.png"; bbox 0 0 2109 2975; ppageno 0'>
   <div class='ocr_carea' id='block_1_1' title="bbox 751 217 1234 262">
    <p class='ocr_par' dir='ltr' id='par_1_1' title="bbox 751 217 1234 262">
     <span class='ocr_line' id='line_1_1' title="bbox 751 217 1234 262; baseline 0.002 -3"><span class='ocrx_word' id='word_1_1' title='bbox 751 217 1090 262; x_wconf 75' lang='lat' dir='ltr'>SATIRARUM</span> <span class='ocrx_word' id='word_1_2' title='bbox 1126 220 1150 259; x_wconf 92' lang='grc' dir='ltr'>Ι</span> <span class='ocrx_word' id='word_1_3' title='bbox 1154 250 1162 260; x_wconf 89' lang='grc'><strong>.</strong></span> <span class='ocrx_word' id='word_1_4' title='bbox 1187 229 1234 260; x_wconf 80' lang='lat' dir='ltr'>VI</span> 
     </span>
    </p>
   </div>
   <div class='ocr_carea' id='block_1_2' title="bbox 201 317 1667 2569">
    <p class='ocr_par' dir='ltr' id='par_1_2' title="bbox 314 317 1375 375">
     <span class='ocr_line' id='line_1_2' title="bbox 314 317 1375 375; baseline 0.002 -10"><span class='ocrx_word' id='word_1_5' title='bbox 314 332 346 365; x_wconf 81' lang='lat' dir='ltr'>a</span> <span class='ocrx_word' id='word_1_6' title='bbox 365 317 513 366; x_wconf 58' lang='lat' dir='ltr'>cerinis</span> <span class='ocrx_word' id='word_1_7' title='bbox 532 332 673 364; x_wconf 84' lang='lat' dir='ltr'>amns</span> <span class='ocrx_word' id='word_1_8' title='bbox 693 331 867 365; x_wconf 73' lang='lat' dir='ltr'>aevum</span> <span class='ocrx_word' id='word_1_9' title='bbox 886 333 1103 367; x_wconf 84' lang='lat' dir='ltr'>remeare</span> <span class='ocrx_word' id='word_1_10' title='bbox 1123 319 1375 375; x_wconf 72' lang='lat' dir='ltr'>peractum</span> 
     </span>
    </p>

    <p class='ocr_par' dir='ltr' id='par_1_3' title="bbox 232 390 1667 741">
     <span class='ocr_line' id='line_1_3' title="bbox 232 390 1667 450; baseline 0.003 -13"><span class='ocrx_word' id='word_1_11' title='bbox 232 399 287 445; x_wconf 87' lang='lat'>95</span> <span class='ocrx_word' id='word_1_12' title='bbox 314 392 460 446; x_wconf 74' lang='lat' dir='ltr'>atque</span> <span class='ocrx_word' id='word_1_13' title='bbox 481 390 599 438; x_wconf 85' lang='lat' dir='ltr'>alios</span> <span class='ocrx_word' id='word_1_14' title='bbox 619 391 780 447; x_wconf 79' lang='lat' dir='ltr'>legere</span> <span class='ocrx_word' id='word_1_15' title='bbox 798 392 863 440; x_wconf 87' lang='lat' dir='ltr'>ad</span> <span class='ocrx_word' id='word_1_16' title='bbox 881 392 1066 440; x_wconf 73' lang='lat' dir='ltr'>fastum</span> <span class='ocrx_word' id='word_1_17' title='bbox 1086 406 1411 448; x_wconf 88' lang='lat' dir='ltr'>quoscumque</span> <span class='ocrx_word' id='word_1_18' title='bbox 1423 394 1667 450; x_wconf 73' lang='lat' dir='ltr'>parentes,</span> 
     </span>
     <span class='ocr_line' id='line_1_4' title="bbox 313 464 1527 523; baseline 0.002 -13"><span class='ocrx_word' id='word_1_19' title='bbox 313 465 509 519; x_wconf 69' lang='lat' dir='ltr'>optaret</span> <span class='ocrx_word' id='word_1_20' title='bbox 527 464 620 511; x_wconf 86' lang='lat' dir='ltr'>sibi</span> <span class='ocrx_word' id='word_1_21' title='bbox 638 465 858 523; x_wconf 87' lang='lat' dir='ltr'>quisque,</span> <span class='ocrx_word' id='word_1_22' title='bbox 879 466 999 514; x_wconf 83' lang='lat' dir='ltr'>meis</span> <span class='ocrx_word' id='word_1_23' title='bbox 1018 467 1279 514; x_wconf 71' lang='lat' dir='ltr'>contentus</span> <span class='ocrx_word' id='word_1_24' title='bbox 1297 466 1527 515; x_wconf 74' lang='lat' dir='ltr'>honestos</span> 
     </span>
     <span class='ocr_line' id='line_1_5' title="bbox 312 536 1529 596; baseline 0.003 -14"><span class='ocrx_word' id='word_1_25' title='bbox 312 536 526 584; x_wconf 82' lang='lat' dir='ltr'><strong>fascibus</strong></span> <span class='ocrx_word' id='word_1_26' title='bbox 545 537 597 584; x_wconf 66' lang='lat' dir='ltr'>et</span> <span class='ocrx_word' id='word_1_27' title='bbox 617 537 745 585; x_wconf 86' lang='lat' dir='ltr'>sellis</span> <span class='ocrx_word' id='word_1_28' title='bbox 765 538 944 586; x_wconf 85' lang='lat' dir='ltr'>nollem</span> <span class='ocrx_word' id='word_1_29' title='bbox 963 538 1082 586; x_wconf 90' lang='lat' dir='ltr'>mihi</span> <span class='ocrx_word' id='word_1_30' title='bbox 1102 539 1529 596; x_wconf 84' lang='lat' dir='ltr'>sumere,·demens</span> 
     </span>
     <span class='ocr_line' id='line_1_6' title="bbox 311 609 1332 670; baseline 0.005 -15"><span class='ocrx_word' id='word_1_31' title='bbox 311 609 490 656; x_wconf 81' lang='lat' dir='ltr'>iudicio</span> <span class='ocrx_word' id='word_1_32' title='bbox 509 610 660 668; x_wconf 78' lang='lat' dir='ltr'>vulgi,</span> <span class='ocrx_word' id='word_1_33' title='bbox 681 626 828 658; x_wconf 84' lang='lat' dir='ltr'>sanus</span> <span class='ocrx_word' id='word_1_34' title='bbox 848 611 1057 660; x_wconf 71' lang='lat' dir='ltr'>fortasse</span> <span class='ocrx_word' id='word_1_35' title='bbox 1077 614 1182 670; x_wconf 73' lang='lat' dir='ltr'>tuo,</span> <span class='ocrx_word' id='word_1_36' title='bbox 1204 613 1332 669; x_wconf 82' lang='lat' dir='ltr'>quod</span> 
     </span>
     <span class='ocr_line' id='line_1_7' title="bbox 312 682 1662 741; baseline 0.006 -13"><span class='ocrx_word' id='word_1_37' title='bbox 312 682 491 730; x_wconf 88' lang='lat' dir='ltr'>nollem</span> <span class='ocrx_word' id='word_1_38' title='bbox 500 698 621 730; x_wconf 87' lang='lat' dir='ltr'>onus</span> <span class='ocrx_word' id='word_1_39' title='bbox 629 683 761 732; x_wconf 85' lang='lat' dir='ltr'>haud</span> <span class='ocrx_word' id='word_1_40' title='bbox 769 700 997 740; x_wconf 83' lang='lat' dir='ltr'>umquam</span> <span class='ocrx_word' id='word_1_41' title='bbox 1006 685 1176 733; x_wconf 74' lang='lat' dir='ltr'>solitus</span> <span class='ocrx_word' id='word_1_42' title='bbox 1184 688 1379 741; x_wconf 74' lang='lat' dir='ltr'>portare</span> <span class='ocrx_word' id='word_1_43' title='bbox 1392 686 1662 736; x_wconf 70' lang='lat' dir='ltr'>molestum.</span> 
     </span>
    </p>

    <p class='ocr_par' dir='ltr' id='par_1_4' title="bbox 209 755 1575 1106">
     <span class='ocr_line' id='line_1_8' title="bbox 209 755 1561 818; baseline 0.004 -17"><span class='ocrx_word' id='word_1_44' title='bbox 209 769 290 801; x_wconf 92' lang='lat'>100</span> <span class='ocrx_word' id='word_1_45' title='bbox 314 755 443 802; x_wconf 89' lang='lat' dir='ltr'>Nam</span> <span class='ocrx_word' id='word_1_46' title='bbox 464 756 584 803; x_wconf 83' lang='lat' dir='ltr'>mihi</span> <span class='ocrx_word' id='word_1_47' title='bbox 602 756 832 804; x_wconf 73' lang='lat' dir='ltr'>continuo</span> <span class='ocrx_word' id='word_1_48' title='bbox 851 757 1005 805; x_wconf 85' lang='lat' dir='ltr'>maior</span> <span class='ocrx_word' id='word_1_49' title='bbox 1023 759 1302 813; x_wconf 81' lang='lat' dir='ltr'>quaerenda</span> <span class='ocrx_word' id='word_1_50' title='bbox 1318 758 1447 806; x_wconf 70' lang='lat' dir='ltr'>foret</span> <span class='ocrx_word' id='word_1_51' title='bbox 1468 776 1561 818; x_wconf 86' lang='lat' dir='ltr'>res,</span> 
     </span>
     <span class='ocr_line' id='line_1_9' title="bbox 312 829 1412 888; baseline 0.005 -12"><span class='ocrx_word' id='word_1_52' title='bbox 312 829 461 885; x_wconf 58' lang='lat' dir='ltr'>amne</span> <span class='ocrx_word' id='word_1_53' title='bbox 482 829 727 877; x_wconf 71' lang='lat' dir='ltr'>salutandi</span> <span class='ocrx_word' id='word_1_54' title='bbox 747 830 926 888; x_wconf 80' lang='lat' dir='ltr'>plures,</span> <span class='ocrx_word' id='word_1_55' title='bbox 947 832 1195 880; x_wconf 82' lang='lat' dir='ltr'>ducendus</span> <span class='ocrx_word' id='word_1_56' title='bbox 1215 834 1266 880; x_wconf 69' lang='lat' dir='ltr'>eb</span> <span class='ocrx_word' id='word_1_57' title='bbox 1284 849 1412 881; x_wconf 88' lang='lat' dir='ltr'>unus</span> 
     </span>
     <span class='ocr_line' id='line_1_10' title="bbox 312 902 1460 964; baseline 0.004 -16"><span class='ocrx_word' id='word_1_58' title='bbox 312 903 364 949; x_wconf 73' lang='lat' dir='ltr'>et</span> <span class='ocrx_word' id='word_1_59' title='bbox 384 917 542 949; x_wconf 84' lang='lat' dir='ltr'>comes</span> <span class='ocrx_word' id='word_1_60' title='bbox 561 902 688 950; x_wconf 75' lang='lat' dir='ltr'>alter</span> <span class='ocrx_word' id='word_1_61' title='bbox 706 903 782 950; x_wconf 65' lang='lat' dir='ltr'>ulai</span> <span class='ocrx_word' id='word_1_62' title='bbox 801 919 862 950; x_wconf 86' lang='lat' dir='ltr'>ne</span> <span class='ocrx_word' id='word_1_63' title='bbox 884 904 1013 951; x_wconf 91' lang='lat' dir='ltr'>solus</span> <span class='ocrx_word' id='word_1_64' title='bbox 1033 921 1178 953; x_wconf 82' lang='lat' dir='ltr'>rusve</span> <span class='ocrx_word' id='word_1_65' title='bbox 1199 921 1460 964; x_wconf 82' lang='lat' dir='ltr'>peregreve</span> 
     </span>
     <span class='ocr_line' id='line_1_11' title="bbox 311 975 1294 1034; baseline 0.006 -13"><span class='ocrx_word' id='word_1_66' title='bbox 311 975 493 1023; x_wconf 84' lang='lat' dir='ltr'>exirem</span> <span class='ocrx_word' id='word_1_67' title='bbox 513 995 525 1032; x_wconf 90' lang='lat'>;</span> <span class='ocrx_word' id='word_1_68' title='bbox 556 976 720 1032; x_wconf 81' lang='lat' dir='ltr'>plures</span> <span class='ocrx_word' id='word_1_69' title='bbox 740 977 930 1025; x_wconf 86' lang='lat' dir='ltr'>calones</span> <span class='ocrx_word' id='word_1_70' title='bbox 952 980 1099 1034; x_wconf 49' lang='lat' dir='ltr'>acque</span> <span class='ocrx_word' id='word_1_71' title='bbox 1118 979 1294 1027; x_wconf 80' lang='lat' dir='ltr'><strong>caballi</strong></span> 
     </span>
     <span class='ocr_line' id='line_1_12' title="bbox 311 1048 1575 1106; baseline 0.004 -11"><span class='ocrx_word' id='word_1_72' title='bbox 311 1048 556 1106; x_wconf 82' lang='lat' dir='ltr'>pascendi,</span> <span class='ocrx_word' id='word_1_73' title='bbox 578 1050 798 1097; x_wconf 82' lang='lat' dir='ltr'>ducenda</span> <span class='ocrx_word' id='word_1_74' title='bbox 817 1051 1070 1106; x_wconf 74' lang='lat' dir='ltr'>petorrita.</span> <span class='ocrx_word' id='word_1_75' title='bbox 1130 1051 1275 1099; x_wconf 90' lang='lat' dir='ltr'>Nunc</span> <span class='ocrx_word' id='word_1_76' title='bbox 1296 1052 1413 1099; x_wconf 76' lang='lat' dir='ltr'>mihi</span> <span class='ocrx_word' id='word_1_77' title='bbox 1434 1054 1575 1100; x_wconf 71' lang='lat' dir='ltr'>curto</span> 
     </span>
    </p>

    <p class='ocr_par' dir='ltr' id='par_1_5' title="bbox 211 1120 1663 1256">
     <span class='ocr_line' id='line_1_13' title="bbox 211 1120 1441 1182; baseline 0.003 -15"><span class='ocrx_word' id='word_1_78' title='bbox 211 1132 287 1178; x_wconf 85' lang='lat'>105</span> <span class='ocrx_word' id='word_1_79' title='bbox 311 1120 381 1168; x_wconf 88' lang='lat' dir='ltr'>ire</span> <span class='ocrx_word' id='word_1_80' title='bbox 401 1121 515 1169; x_wconf 68' lang='lat' dir='ltr'>liceb</span> <span class='ocrx_word' id='word_1_81' title='bbox 533 1122 666 1170; x_wconf 90' lang='lat' dir='ltr'>mulo</span> <span class='ocrx_word' id='word_1_82' title='bbox 685 1122 760 1170; x_wconf 87' lang='lat' dir='ltr'>vel</span> <span class='ocrx_word' id='word_1_83' title='bbox 783 1122 961 1171; x_wconf 71' lang='lat' dir='ltr'>silibet</span> <span class='ocrx_word' id='word_1_84' title='bbox 980 1139 1132 1180; x_wconf 85' lang='lat' dir='ltr'>usque</span> <span class='ocrx_word' id='word_1_85' title='bbox 1153 1125 1441 1182; x_wconf 75' lang='lat' dir='ltr'>Tarentum,</span> 
     </span>
     <span class='ocr_line' id='line_1_14' title="bbox 311 1194 1663 1256; baseline 0.004 -16"><span class='ocrx_word' id='word_1_86' title='bbox 311 1194 525 1242; x_wconf 73' lang='lat' dir='ltr'>mantica</span> <span class='ocrx_word' id='word_1_87' title='bbox 572 1195 650 1242; x_wconf 83' lang='lat' dir='ltr'>cui</span> <span class='ocrx_word' id='word_1_88' title='bbox 696 1195 884 1243; x_wconf 88' lang='lat' dir='ltr'>lumbos</span> <span class='ocrx_word' id='word_1_89' title='bbox 921 1211 1066 1245; x_wconf 89' lang='lat' dir='ltr'>onere</span> <span class='ocrx_word' id='word_1_90' title='bbox 1110 1197 1295 1246; x_wconf 76' lang='lat' dir='ltr'>ulceret</span> <span class='ocrx_word' id='word_1_91' title='bbox 1333 1199 1480 1255; x_wconf 78' lang='lat' dir='ltr'>atque</span> <span class='ocrx_word' id='word_1_92' title='bbox 1520 1215 1663 1256; x_wconf 86' lang='lat' dir='ltr'>eques</span> 
     </span>
    </p>

    <p class='ocr_par' dir='ltr' id='par_1_6' title="bbox 308 1283 1561 1548">
     <span class='ocr_line' id='line_1_15' title="bbox 423 1283 612 1315; baseline 0.005 -1"><span class='ocrx_word' id='word_1_93' title='bbox 423 1283 612 1315; x_wconf 70' lang='lat' dir='ltr'>armose</span> 
     </span>
     <span class='ocr_line' id='line_1_16' title="bbox 308 1340 1381 1402; baseline 0.005 -15"><span class='ocrx_word' id='word_1_94' title='bbox 308 1340 481 1389; x_wconf 72' lang='lat' dir='ltr'>obiciet</span> <span class='ocrx_word' id='word_1_95' title='bbox 501 1357 642 1389; x_wconf 87' lang='lat' dir='ltr'>nemo</span> <span class='ocrx_word' id='word_1_96' title='bbox 662 1342 824 1391; x_wconf 83' lang='lat' dir='ltr'>sordes</span> <span class='ocrx_word' id='word_1_97' title='bbox 845 1342 963 1391; x_wconf 88' lang='lat' dir='ltr'>mihi</span> <span class='ocrx_word' id='word_1_98' title='bbox 983 1359 1103 1400; x_wconf 84' lang='lat' dir='ltr'>quas</span> <span class='ocrx_word' id='word_1_99' title='bbox 1122 1344 1229 1402; x_wconf 71' lang='lat' dir='ltr'>tibi,</span> <span class='ocrx_word' id='word_1_100' title='bbox 1250 1344 1381 1401; x_wconf 82' lang='lat' dir='ltr'>Tini,</span> 
     </span>
     <span class='ocr_line' id='line_1_17' title="bbox 311 1414 1561 1474; baseline 0.004 -14"><span class='ocrx_word' id='word_1_101' title='bbox 311 1430 421 1460; x_wconf 90' lang='lat' dir='ltr'>cum</span> <span class='ocrx_word' id='word_1_102' title='bbox 442 1414 644 1463; x_wconf 60' lang='lat' dir='ltr'>Tiburfie</span> <span class='ocrx_word' id='word_1_103' title='bbox 663 1416 746 1463; x_wconf 79' lang='lat' dir='ltr'>via</span> <span class='ocrx_word' id='word_1_104' title='bbox 763 1419 1037 1473; x_wconf 58' lang='lat' dir='ltr'>praessorem</span> <span class='ocrx_word' id='word_1_105' title='bbox 1059 1417 1269 1473; x_wconf 81' lang='lat' dir='ltr'>quinque</span> <span class='ocrx_word' id='word_1_106' title='bbox 1289 1419 1561 1474; x_wconf 73' lang='lat' dir='ltr'>sequuntur</span> 
     </span>
     <span class='ocr_line' id='line_1_18' title="bbox 309 1488 1495 1548; baseline 0.003 -14"><span class='ocrx_word' id='word_1_107' title='bbox 309 1489 361 1534; x_wconf 73' lang='lat' dir='ltr'>te</span> <span class='ocrx_word' id='word_1_108' title='bbox 381 1488 519 1544; x_wconf 88' lang='lat' dir='ltr'>pueri</span> <span class='ocrx_word' id='word_1_109' title='bbox 536 1488 760 1536; x_wconf 78' lang='lat' dir='ltr'>lasanum</span> <span class='ocrx_word' id='word_1_110' title='bbox 781 1492 1035 1546; x_wconf 73' lang='lat' dir='ltr'>portantes</span> <span class='ocrx_word' id='word_1_111' title='bbox 1055 1491 1495 1548; x_wconf 87' lang='lat' dir='ltr'>oenophorumque.</span> 
     </span>
    </p>

    <p class='ocr_par' dir='ltr' id='par_1_7' title="bbox 205 1562 1598 1912">
     <span class='ocr_line' id='line_1_19' title="bbox 205 1562 1598 1622; baseline 0.005 -18"><span class='ocrx_word' id='word_1_112' title='bbox 205 1574 288 1605; x_wconf 94' lang='lat'>110</span> <span class='ocrx_word' id='word_1_113' title='bbox 312 1562 422 1608; x_wconf 92' lang='lat' dir='ltr'>Hoc</span> <span class='ocrx_word' id='word_1_114' title='bbox 441 1577 530 1619; x_wconf 81' lang='lat' dir='ltr'>ego</span> <span class='ocrx_word' id='word_1_115' title='bbox 544 1564 838 1611; x_wconf 81' lang='lat' dir='ltr'><strong>commodius</strong></span> <span class='ocrx_word' id='word_1_116' title='bbox 858 1580 1002 1621; x_wconf 89' lang='lat' dir='ltr'>quam</span> <span class='ocrx_word' id='word_1_117' title='bbox 1022 1566 1098 1622; x_wconf 73' lang='lat' dir='ltr'>tu,</span> <span class='ocrx_word' id='word_1_118' title='bbox 1119 1565 1366 1621; x_wconf 86' lang='lat' dir='ltr'>praeclare</span> <span class='ocrx_word' id='word_1_119' title='bbox 1386 1566 1598 1622; x_wconf 73' lang='lat' dir='ltr'>senator,</span> 
     </span>
     <span class='ocr_line' id='line_1_20' title="bbox 310 1633 1588 1695; baseline 0.003 -14"><span class='ocrx_word' id='word_1_120' title='bbox 310 1633 504 1682; x_wconf 85' lang='lat' dir='ltr'>milibus</span> <span class='ocrx_word' id='word_1_121' title='bbox 524 1637 671 1692; x_wconf 77' lang='lat' dir='ltr'>atque</span> <span class='ocrx_word' id='word_1_122' title='bbox 691 1635 799 1682; x_wconf 88' lang='lat' dir='ltr'>aliis</span> <span class='ocrx_word' id='word_1_123' title='bbox 817 1636 943 1685; x_wconf 84' lang='lat' dir='ltr'>vivo.</span> <span class='ocrx_word' id='word_1_124' title='bbox 1002 1637 1314 1694; x_wconf 82' lang='lat' dir='ltr'>Quacumque</span> <span class='ocrx_word' id='word_1_125' title='bbox 1332 1637 1482 1685; x_wconf 82' lang='lat' dir='ltr'>libido</span> <span class='ocrx_word' id='word_1_126' title='bbox 1496 1640 1588 1695; x_wconf 74' lang='lat' dir='ltr'>est,</span> 
     </span>
     <span class='ocr_line' id='line_1_21' title="bbox 309 1707 1455 1768; baseline 0.003 -14"><span class='ocrx_word' id='word_1_127' title='bbox 309 1707 478 1755; x_wconf 87' lang='lat' dir='ltr'>incedo</span> <span class='ocrx_word' id='word_1_128' title='bbox 498 1708 626 1755; x_wconf 88' lang='lat' dir='ltr'>solus</span> <span class='ocrx_word' id='word_1_129' title='bbox 643 1727 656 1765; x_wconf 82' lang='lat'><em>3</em></span> <span class='ocrx_word' id='word_1_130' title='bbox 684 1711 942 1765; x_wconf 78' lang='lat' dir='ltr'>percontor</span> <span class='ocrx_word' id='word_1_131' title='bbox 961 1710 1132 1766; x_wconf 70' lang='lat' dir='ltr'>quanti</span> <span class='ocrx_word' id='word_1_132' title='bbox 1150 1710 1255 1758; x_wconf 88' lang='lat' dir='ltr'>olus</span> <span class='ocrx_word' id='word_1_133' title='bbox 1275 1726 1332 1759; x_wconf 90' lang='lat' dir='ltr'>ac</span> <span class='ocrx_word' id='word_1_134' title='bbox 1351 1710 1455 1768; x_wconf 68' lang='lat' dir='ltr'>fax-3</span> 
     </span>
     <span class='ocr_line' id='line_1_22' title="bbox 309 1779 1409 1839; baseline 0.004 -13"><span class='ocrx_word' id='word_1_135' title='bbox 309 1779 533 1827; x_wconf 73' lang='lat' dir='ltr'>fallacem</span> <span class='ocrx_word' id='word_1_136' title='bbox 554 1780 747 1828; x_wconf 85' lang='lat' dir='ltr'>Circum</span> <span class='ocrx_word' id='word_1_137' title='bbox 766 1781 1192 1839; x_wconf 74' lang='lat' dir='ltr'>vespertinumque</span> <span class='ocrx_word' id='word_1_138' title='bbox 1213 1797 1409 1839; x_wconf 87' lang='lat' dir='ltr'>pererro</span> 
     </span>
     <span class='ocr_line' id='line_1_23' title="bbox 309 1852 1580 1912; baseline 0.003 -13"><span class='ocrx_word' id='word_1_139' title='bbox 309 1868 453 1908; x_wconf 86' lang='lat' dir='ltr'>saepe</span> <span class='ocrx_word' id='word_1_140' title='bbox 473 1852 655 1900; x_wconf 87' lang='lat' dir='ltr'>Forum</span> <span class='ocrx_word' id='word_1_141' title='bbox 675 1873 688 1911; x_wconf 89' lang='lat'>;</span> <span class='ocrx_word' id='word_1_142' title='bbox 717 1854 902 1902; x_wconf 73' lang='lat' dir='ltr'>adsisto</span> <span class='ocrx_word' id='word_1_143' title='bbox 921 1854 1095 1903; x_wconf 83' lang='lat' dir='ltr'>divinis</span> <span class='ocrx_word' id='word_1_144' title='bbox 1112 1874 1124 1912; x_wconf 83' lang='lat'>3</span> <span class='ocrx_word' id='word_1_145' title='bbox 1155 1855 1267 1903; x_wconf 84' lang='lat' dir='ltr'>inde</span> <span class='ocrx_word' id='word_1_146' title='bbox 1286 1856 1482 1903; x_wconf 86' lang='lat' dir='ltr'>domum</span> <span class='ocrx_word' id='word_1_147' title='bbox 1503 1871 1580 1903; x_wconf 87' lang='lat' dir='ltr'>me</span> 
     </span>
    </p>

    <p class='ocr_par' dir='ltr' id='par_1_8' title="bbox 203 1925 1659 2277">
     <span class='ocr_line' id='line_1_24' title="bbox 203 1925 1503 1986; baseline 0.002 -14"><span class='ocrx_word' id='word_1_148' title='bbox 203 1936 284 1982; x_wconf 87' lang='lat'>115</span> <span class='ocrx_word' id='word_1_149' title='bbox 310 1926 373 1973; x_wconf 85' lang='lat' dir='ltr'>ad</span> <span class='ocrx_word' id='word_1_150' title='bbox 393 1925 526 1982; x_wconf 83' lang='lat' dir='ltr'>porri</span> <span class='ocrx_word' id='word_1_151' title='bbox 545 1927 596 1973; x_wconf 69' lang='lat' dir='ltr'>eb</span> <span class='ocrx_word' id='word_1_152' title='bbox 615 1926 782 1974; x_wconf 82' lang='lat' dir='ltr'>ciceris</span> <span class='ocrx_word' id='word_1_153' title='bbox 802 1927 965 1976; x_wconf 86' lang='lat' dir='ltr'>refero</span> <span class='ocrx_word' id='word_1_154' title='bbox 980 1927 1239 1986; x_wconf 76' lang='lat' dir='ltr'>laganique</span> <span class='ocrx_word' id='word_1_155' title='bbox 1260 1929 1503 1985; x_wconf 75' lang='lat' dir='ltr'>catinum3</span> 
     </span>
     <span class='ocr_line' id='line_1_25' title="bbox 309 1999 1510 2058; baseline 0.002 -12"><span class='ocrx_word' id='word_1_156' title='bbox 309 2013 429 2046; x_wconf 89' lang='lat' dir='ltr'>cena</span> <span class='ocrx_word' id='word_1_157' title='bbox 449 1999 758 2048; x_wconf 72' lang='lat' dir='ltr'>ministratur</span> <span class='ocrx_word' id='word_1_158' title='bbox 776 2001 941 2057; x_wconf 86' lang='lat' dir='ltr'>pueris</span> <span class='ocrx_word' id='word_1_159' title='bbox 959 2001 1135 2058; x_wconf 71' lang='lat' dir='ltr'>tribus,</span> <span class='ocrx_word' id='word_1_160' title='bbox 1156 2003 1207 2049; x_wconf 71' lang='lat' dir='ltr'>elz</span> <span class='ocrx_word' id='word_1_161' title='bbox 1225 2001 1349 2058; x_wconf 88' lang='lat' dir='ltr'>lapis</span> <span class='ocrx_word' id='word_1_162' title='bbox 1371 2002 1510 2048; x_wconf 87' lang='lat' dir='ltr'>albus</span> 
     </span>
     <span class='ocr_line' id='line_1_26' title="bbox 309 2072 1596 2131; baseline 0.002 -13"><span class='ocrx_word' id='word_1_163' title='bbox 309 2072 483 2128; x_wconf 85' lang='lat' dir='ltr'>pocula</span> <span class='ocrx_word' id='word_1_164' title='bbox 501 2087 612 2119; x_wconf 87' lang='lat' dir='ltr'>cum</span> <span class='ocrx_word' id='word_1_165' title='bbox 632 2073 811 2130; x_wconf 77' lang='lat' dir='ltr'>cyatho</span> <span class='ocrx_word' id='word_1_166' title='bbox 829 2074 927 2121; x_wconf 84' lang='lat' dir='ltr'>duo</span> <span class='ocrx_word' id='word_1_167' title='bbox 947 2074 1154 2122; x_wconf 71' lang='lat' dir='ltr'>sustinet</span> <span class='ocrx_word' id='word_1_168' title='bbox 1171 2093 1184 2131; x_wconf 91' lang='lat'><strong>;</strong></span> <span class='ocrx_word' id='word_1_169' title='bbox 1212 2075 1378 2121; x_wconf 75' lang='lat' dir='ltr'>adstat</span> <span class='ocrx_word' id='word_1_170' title='bbox 1397 2074 1596 2122; x_wconf 76' lang='lat' dir='ltr'>echinus</span> 
     </span>
     <span class='ocr_line' id='line_1_27' title="bbox 308 2143 1489 2205; baseline 0.003 -14"><span class='ocrx_word' id='word_1_171' title='bbox 308 2143 433 2202; x_wconf 81' lang='lat' dir='ltr'>vilis,</span> <span class='ocrx_word' id='word_1_172' title='bbox 455 2160 564 2193; x_wconf 89' lang='lat' dir='ltr'>cum</span> <span class='ocrx_word' id='word_1_173' title='bbox 584 2147 758 2202; x_wconf 74' lang='lat' dir='ltr'>patera</span> <span class='ocrx_word' id='word_1_174' title='bbox 777 2148 966 2205; x_wconf 61' lang='lat' dir='ltr'>guintuS,</span> <span class='ocrx_word' id='word_1_175' title='bbox 989 2147 1241 2202; x_wconf 81' lang='lat' dir='ltr'>Campana</span> <span class='ocrx_word' id='word_1_176' title='bbox 1259 2147 1489 2203; x_wconf 86' lang='lat' dir='ltr'>supellex.</span> 
     </span>
     <span class='ocr_line' id='line_1_28' title="bbox 308 2217 1659 2277; baseline 0.002 -12"><span class='ocrx_word' id='word_1_177' title='bbox 308 2217 497 2265; x_wconf 87' lang='lat' dir='ltr'>Deinde</span> <span class='ocrx_word' id='word_1_178' title='bbox 517 2233 574 2266; x_wconf 91' lang='lat' dir='ltr'>eo</span> <span class='ocrx_word' id='word_1_179' title='bbox 587 2219 870 2277; x_wconf 74' lang='lat' dir='ltr'>dormitum,</span> <span class='ocrx_word' id='word_1_180' title='bbox 891 2235 991 2268; x_wconf 87' lang='lat' dir='ltr'>non</span> <span class='ocrx_word' id='word_1_181' title='bbox 1011 2219 1246 2267; x_wconf 73' lang='lat' dir='ltr'>sollicitus</span> <span class='ocrx_word' id='word_1_182' title='bbox 1265 2220 1385 2267; x_wconf 88' lang='lat' dir='ltr'>mihi</span> <span class='ocrx_word' id='word_1_183' title='bbox 1403 2221 1531 2277; x_wconf 83' lang='lat' dir='ltr'>quod</span> <span class='ocrx_word' id='word_1_184' title='bbox 1551 2236 1659 2268; x_wconf 87' lang='lat' dir='ltr'>cras</span> 
     </span>
    </p>

    <p class='ocr_par' dir='ltr' id='par_1_9' title="bbox 201 2293 1562 2424">
     <span class='ocr_line' id='line_1_29' title="bbox 201 2293 1562 2352; baseline 0.003 -14"><span class='ocrx_word' id='word_1_185' title='bbox 201 2306 285 2338; x_wconf 82' lang='lat'>120</span> <span class='ocrx_word' id='word_1_186' title='bbox 308 2293 605 2348; x_wconf 78' lang='lat' dir='ltr'>surgendum</span> <span class='ocrx_word' id='word_1_187' title='bbox 626 2294 692 2341; x_wconf 74' lang='lat' dir='ltr'>sit</span> <span class='ocrx_word' id='word_1_188' title='bbox 710 2309 869 2351; x_wconf 88' lang='lat' dir='ltr'>mane,</span> <span class='ocrx_word' id='word_1_189' title='bbox 891 2293 1139 2342; x_wconf 81' lang='lat' dir='ltr'>obeundus</span> <span class='ocrx_word' id='word_1_190' title='bbox 1160 2295 1375 2352; x_wconf 83' lang='lat' dir='ltr'>Marsya,</span> <span class='ocrx_word' id='word_1_191' title='bbox 1394 2294 1475 2351; x_wconf 90' lang='lat' dir='ltr'>qui</span> <span class='ocrx_word' id='word_1_192' title='bbox 1496 2310 1562 2351; x_wconf 88' lang='lat' dir='ltr'>se,</span> 
     </span>
     <span class='ocr_line' id='line_1_30' title="bbox 306 2365 1501 2424; baseline 0.003 -13"><span class='ocrx_word' id='word_1_193' title='bbox 306 2365 500 2412; x_wconf 75' lang='lat' dir='ltr'>vultum</span> <span class='ocrx_word' id='word_1_194' title='bbox 520 2366 650 2415; x_wconf 87' lang='lat' dir='ltr'>ferre</span> <span class='ocrx_word' id='word_1_195' title='bbox 670 2368 819 2424; x_wconf 76' lang='lat' dir='ltr'>negat</span> <span class='ocrx_word' id='word_1_196' title='bbox 839 2367 1106 2415; x_wconf 85' lang='lat' dir='ltr'>Noviorum</span> <span class='ocrx_word' id='word_1_197' title='bbox 1127 2382 1264 2424; x_wconf 88' lang='lat' dir='ltr'>posse</span> <span class='ocrx_word' id='word_1_198' title='bbox 1284 2368 1501 2415; x_wconf 85' lang='lat' dir='ltr'>minoris.</span> 
     </span>
    </p>

    <p class='ocr_par' dir='ltr' id='par_1_10' title="bbox 309 2438 1651 2569">
     <span class='ocr_line' id='line_1_31' title="bbox 309 2438 1651 2498; baseline 0 -12"><span class='ocrx_word' id='word_1_199' title='bbox 309 2438 388 2486; x_wconf 77' lang='lat' dir='ltr'>Ad</span> <span class='ocrx_word' id='word_1_200' title='bbox 407 2440 632 2495; x_wconf 73' lang='lat' dir='ltr'>quartam</span> <span class='ocrx_word' id='word_1_201' title='bbox 651 2440 812 2497; x_wconf 86' lang='lat' dir='ltr'>iaceo;</span> <span class='ocrx_word' id='word_1_202' title='bbox 843 2441 953 2496; x_wconf 75' lang='lat' dir='ltr'>post</span> <span class='ocrx_word' id='word_1_203' title='bbox 973 2440 1100 2488; x_wconf 87' lang='lat' dir='ltr'>hanc</span> <span class='ocrx_word' id='word_1_204' title='bbox 1119 2456 1286 2498; x_wconf 82' lang='lat' dir='ltr'>vagor,</span> <span class='ocrx_word' id='word_1_205' title='bbox 1308 2442 1396 2488; x_wconf 73' lang='lat' dir='ltr'>aut</span> <span class='ocrx_word' id='word_1_206' title='bbox 1415 2456 1506 2498; x_wconf 86' lang='lat' dir='ltr'>ego</span> <span class='ocrx_word' id='word_1_207' title='bbox 1525 2441 1651 2488; x_wconf 73' lang='lat' dir='ltr'>lecto</span> 
     </span>
     <span class='ocr_line' id='line_1_32' title="bbox 310 2512 1594 2569; baseline 0.001 -12"><span class='ocrx_word' id='word_1_208' title='bbox 310 2512 398 2558; x_wconf 72' lang='lat' dir='ltr'>aut</span> <span class='ocrx_word' id='word_1_209' title='bbox 419 2512 601 2568; x_wconf 69' lang='lat' dir='ltr'>scrip‘no</span> <span class='ocrx_word' id='word_1_210' title='bbox 622 2514 749 2569; x_wconf 79' lang='lat' dir='ltr'>quod</span> <span class='ocrx_word' id='word_1_211' title='bbox 769 2528 846 2561; x_wconf 89' lang='lat' dir='ltr'>me</span> <span class='ocrx_word' id='word_1_212' title='bbox 865 2513 1072 2561; x_wconf 61' lang='lat' dir='ltr'>flacitum</span> <span class='ocrx_word' id='word_1_213' title='bbox 1091 2512 1226 2561; x_wconf 75' lang='lat' dir='ltr'>iuvet</span> <span class='ocrx_word' id='word_1_214' title='bbox 1244 2528 1435 2569; x_wconf 80' lang='lat' dir='ltr'>unguor</span> <span class='ocrx_word' id='word_1_215' title='bbox 1454 2512 1594 2569; x_wconf 77' lang='lat' dir='ltr'>olivo,</span> 
     </span>
    </p>
   </div>
   <div class='ocr_carea' id='block_1_3' title="bbox 410 2585 548 2635">
    <p class='ocr_par' dir='ltr' id='par_1_11' title="bbox 410 2585 548 2635">
     <span class='ocr_line' id='line_1_33' title="bbox 410 2585 548 2635; baseline -0.007 -1"><span class='ocrx_word' id='word_1_216' title='bbox 410 2585 548 2635; x_wconf 83' lang='lat'>[187]</span> 
     </span>
    </p>
   </div>
  </div>
 </body>
</html>
