2109 2975
282 458 338 506 15

276 870 334 901 20

272 1717 331 1760 30

268 2111 326 2156 35

266 2507 323 2548 40

793 196 1111 237 CARMINUM
1146 197 1221 237 IV.
1248 206 1291 236 lx

503 292 552 341 N
554 306 617 341 on
638 291 742 346 sola
759 294 976 351 comptos
986 293 1352 342 arsit-,adulteri

502 366 656 416 crines
675 368 726 415 et
745 382 920 416 aurum
933 367 1156 416 ‘vestibus
1172 368 1352 415 illitum

560 441 738 488 mirata
757 441 1039 500 regalesque
1060 440 1223 488 cultus

614 515 665 561 et
685 513 886 562 comites
904 513 1094 562 Helene
1115 514 1358 571 Lacaena,

499 630 744 687 primusve
765 630 953 677 Teucer
972 629 1075 678 tela
1094 629 1310 686 Cydonio

500 704 675 752 direxit
695 719 844 761 arcu3
874 718 971 751 non
992 703 1141 751 semel
1161 703 1279 751 Ilios

552 778 759 833 vexata;
786 791 884 824 non
902 776 1143 834 pugnavit
1161 775 1333 833 ingens

611 850 898 898 Idomeneus
919 849 1239 898 Sthenelusve
1259 849 1391 898 solus

497 966 696 1014 dicenda.
715 964 872 1012 Musis
892 964 1103 1021 proelia3
1133 980 1232 1013 non
1250 964 1391 1013 ferox

499 1039 685 1087 Hector
703 1037 780 1085 vel
801 1052 911 1085 acer
931 1037 1219 1093 Deiphobus
1238 1053 1412 1095 graves

553 1111 742 1167 excepit
760 1111 887 1158 ictus
907 1126 996 1167 pro
1014 1110 1205 1167 pudicis

609 1182 891 1243 coniugibus
911 1183 1169 1241 puerisque
1187 1183 1390 1240 primus.
1438 1222 1443 1226 .

499 1294 677 1342 Vixere
696 1292 848 1340 fortes
868 1294 983 1341 ante
1003 1292 1375 1349 Agamemnona

495 1367 638 1414 multi
654 1385 666 1423 3
696 1365 779 1414 sed
798 1376 962 1413 omnes
981 1364 1337 1414 illacrimabiles

549 1442 790 1497 urgentur
807 1438 1054 1497 ignotique
1075 1438 1220 1497 longa

607 1515 765 1571 nocte,
788 1513 956 1560 carent
976 1513 1091 1570 quia
1108 1513 1220 1560 vate
1242 1528 1393 1560 sacro·

495 1620 701 1668 Paulum
722 1619 940 1676 sepultae
960 1618 1114 1667 distat
1132 1619 1337 1668 inertiae

492 1694 650 1743 celata
667 1694 843 1742 virtus.
901 1693 1015 1742 Non
1033 1709 1125 1750 ego
1142 1695 1195 1742 te
1215 1695 1332 1742 meis

549 1766 732 1816 chartis
750 1767 1031 1816 inornatum
1051 1766 1217 1824 silebo,

601 1842 737 1889 totve
756 1842 867 1889 tuos
887 1840 1048 1898 patiar
1067 1839 1255 1888 labores

491 1948 704 2006 impune,
726 1947 868 2005 Lolli,
891 1962 1089 2004 carpere
1108 1945 1282 1994 lividas

488 2017 766 2066 obliviones.
824 2017 917 2065 Est
937 2017 1128 2064 animus
1148 2016 1238 2064 tibi

543 2105 801 2148 rerumque
818 2090 1032 2147 prudens
1051 2092 1103 2139 et
1124 2091 1345 2138 secundis

601 2163 901 2222 temporibus
921 2163 1171 2220 dubiisque
1190 2166 1371 2220 rectus,

490 2270 667 2319 vindex
686 2285 861 2318 avarae
879 2268 1069 2317 fraudis
1086 2270 1136 2317 et
1154 2268 1405 2317 abstinens

486 2344 707 2398 ducentis
727 2344 790 2392 ad
810 2360 861 2393 se
880 2345 1061 2392 cuncta
1079 2343 1328 2400 pecuniae,

543 2417 804 2474 consulque
823 2433 921 2466 non
939 2417 1085 2466 unius
1105 2416 1235 2473 anni,

600 2491 682 2540 sed
702 2492 925 2548 quotiens
943 2492 1100 2540 bonus
1120 2492 1266 2547 atque
1285 2490 1410 2537 fidus

449 2565 464 2611 [
487 2578 557 2614 123
579 2566 594 2612 1
