2109 2975
810 198 919 240 ΑΒΘ
953 197 1199 239 POETICA

330 297 602 355 quaesitum
622 298 725 346 est:
756 311 846 353 ego
865 310 953 343 neo
973 294 1189 342 studium
1208 293 1311 341 sine
1328 293 1475 341 divite
1494 305 1620 340 vena

222 382 307 424 410
329 386 417 418 nee
436 371 555 418 rude
574 369 688 426 quid
708 369 862 425 prosit
882 367 1021 416 video
1039 366 1319 423 ingenium3
1351 365 1555 414 alterius
1577 366 1646 413 sie

330 444 487 491 altera
506 442 660 499 poscit
679 456 818 497 opem
839 456 917 489 res
937 443 988 488 et
1008 440 1234 488 coniurat
1256 438 1423 487 amice.

332 516 426 573 Qui
444 516 610 563 studet
629 517 850 571 optatam
871 529 1015 562 eursu
1035 514 1314 570 contingere
1334 514 1515 560 metam

332 590 489 636 multa
506 589 623 636 tulit
642 588 853 644 fecitque
873 603 1013 644 puer,
1035 586 1231 634 sudavit
1250 587 1302 634 et
1321 585 1451 643 alsit,

331 662 567 709 abstinuit
585 662 775 710 Venere
795 662 845 708 et
865 661 1004 708 vino:
1038 660 1121 716 qui
1142 658 1322 716 Pythia
1340 660 1510 707 cantat

221 744 308 790 415
330 735 527 791 tibicen,
549 734 716 782 didicit
736 734 871 790 prius
890 733 1213 788 extimuimue
1232 732 1543 789 magistrum.

331 808 478 855 Nunc
497 806 614 853 satis
633 807 710 854 est
720 806 895 854 dixisse
914 826 927 854 ι
960 806 972 827 ‘
992 806 1103 863 Ego
1119 806 1243 852 mira
1256 806 1482 861 poemata
1493 819 1654 860 pango
1671 823 1684 861 ;

329 881 533 936 occupet
552 881 823 928 extremum
844 878 1055 936 seabies;
1089 878 1209 925 mihi
1227 879 1372 934 turpe
1391 877 1615 934 relinqui,

329 957 381 1003 et
400 954 525 1010 quod
543 968 641 1001 non
660 952 805 1001 didici
824 967 941 1001 sane
959 953 1145 1000 nescire
1164 952 1347 1000 fateri?

331 1028 404 1075 Ut
423 1041 615 1083 praeco,
636 1026 700 1074 ad
719 1040 901 1074 meroes
920 1026 1120 1073 turbam
1139 1024 1223 1081 qui
1243 1025 1374 1083 oogit
1392 1024 1638 1082 emendas,

222 1124 310 1166 420
332 1102 655 1149 assentatores
673 1099 808 1148 iubet
827 1099 891 1147 ad
909 1099 1102 1147 lucrum
1122 1099 1194 1145 ire
1211 1099 1361 1154 poeta

332 1176 465 1223 dives
485 1174 634 1233 agris,
656 1174 790 1221 dives
811 1172 981 1229 positis
1000 1172 1052 1219 in
1073 1172 1240 1219 fenore
1259 1171 1490 1218 nummis.

334 1249 385 1296 Si
405 1263 520 1295 vero
536 1248 613 1295 est
634 1248 838 1294 unctum
858 1245 942 1302 qui
960 1247 1092 1293 reete
1113 1259 1291 1301 ponere
1311 1244 1463 1300 possit

332 1323 382 1368 et
403 1320 634 1376 spondere
652 1320 747 1366 levi
766 1334 856 1375 pro
875 1334 1088 1375 paupere
1107 1320 1158 1365 et
1178 1317 1364 1373 eripere
1384 1316 1507 1363 atris

332 1393 499 1441 litibus
516 1392 824 1449 implicitum,
844 1392 1059 1439 mirabor
1079 1392 1119 1438 si
1140 1391 1259 1440 sciet
1276 1390 1426 1438 inter-

225 1484 280 1527 42
284 1479 310 1527 5
333 1481 527 1516 noscere
548 1466 827 1515 mendaeem
846 1480 1110 1522 verumque
1129 1465 1301 1513 beatus
1320 1463 1546 1512 amioum.

334 1538 412 1584 Tu
432 1551 519 1584 seu
538 1535 732 1583 donaris
753 1551 839 1584 seu
858 1535 975 1592 quid
992 1535 1173 1582 donare
1193 1533 1322 1581 voles
1343 1533 1438 1590 oui,

334 1610 485 1658 nolito
504 1609 568 1657 ad
587 1625 755 1657 versus
774 1609 866 1656 tibi
885 1608 1043 1656 factos
1063 1609 1237 1655 ducere
1258 1606 1455 1664 plenum

333 1682 580 1740 laetitiae3
611 1682 840 1730 clamabit
854 1682 983 1730 enim
1005 1682 1017 1703 ‘
1037 1681 1276 1728 Pulchre!
1300 1679 1447 1728 bene!
1470 1681 1630 1728 reete!

336 1755 566 1812 pallescet
584 1770 730 1811 super
747 1755 839 1810 his,
859 1755 1007 1802 etiam
1027 1753 1234 1801 stillabit
1253 1752 1419 1800 amieis

227 1844 313 1891 430
336 1845 397 1876 ex
415 1829 566 1876 oeulis
584 1843 763 1885 rorem,
783 1829 941 1886 saliet,
962 1828 1142 1875 tundet
1161 1827 1281 1891 pede
1300 1828 1502 1874 terram.

338 1902 410 1950 Ut
429 1901 513 1957 qui
533 1901 760 1948 conducti
769 1901 975 1957 plorant
993 1900 1046 1947 in
1066 1900 1238 1948 funere
1260 1899 1429 1947 dicunt

336 1978 387 2023 et
405 1974 596 2022 faciunt
615 1988 764 2029 prope
785 1973 930 2029 plura
946 1973 1220 2021 dolentibus
1240 1988 1299 2021 ex
1320 1971 1498 2029 animo,
1521 1972 1588 2020 sio

338 2048 522 2096 derisor
540 2061 657 2094 vero
675 2045 785 2101 plus
804 2046 1059 2094 laudatore
1078 2047 1321 2094 movetur.

340 2122 501 2180 Reges
520 2119 750 2168 dicuntur
767 2120 936 2167 multis
955 2136 1131 2176 urgere
1153 2118 1345 2167 oulullis

230 2210 316 2257 435
341 2196 391 2241 et
409 2196 636 2250 torquere
657 2208 791 2241 mero
810 2208 951 2248 quem
977 2193 1279 2248 perspexisse
1298 2192 1523 2239 laborant

342 2283 405 2315 an
426 2267 489 2314 sit
509 2267 723 2315 amicitia
741 2267 917 2323 dignus
936 2287 947 2313 ι
978 2266 1020 2313 si
1041 2266 1257 2314 carmina
1277 2266 1451 2313 condes

342 2355 605 2396 numquam
624 2341 675 2387 te
696 2339 872 2386 fallent
893 2330 1042 2386 animi
1066 2338 1154 2386 sub
1174 2339 1319 2395 vulpe
1339 2339 1565 2386 latentes.

342 2414 574 2472 Quintilio
594 2414 633 2462 si
652 2413 765 2469 quid
785 2414 1033 2470 recitareS,
1060 2413 1072 2433 ‘
1089 2412 1287 2469 Con-ige
1308 2413 1442 2459 sodes

422 2508 482 2538 ⁴10
521 2504 643 2545 possit
801 2506 861 2537 416
901 2503 980 2537 Nec
1142 2505 1203 2536 423
1244 2501 1352 2542 artis.
1371 2502 1466 2537 coni.
1492 2502 1614 2538 Benu.
