2109 2975
1005 188 1225 230 HORATI

435 288 716 345 imprudens
732 289 845 336 olim
862 289 1041 337 faciam
1063 289 1248 338 simile?
1264 290 1277 313 '
1338 290 1476 336 Haec
1496 303 1586 345 ego
1601 301 1787 336 mecum

437 363 720 418 compressis
738 364 873 419 agito
892 363 1040 410 labris
1059 382 1070 420 ;
1103 363 1185 410 ubi
1204 363 1319 420 quid
1339 364 1487 411 datur
1507 364 1575 409 oti

437 436 588 483 illudo
606 436 805 485 chartis.
867 438 974 484 Hoc
995 439 1070 484 est
1091 436 1411 484 mediocribus
1429 436 1526 482 illis

334 529 413 567 140
437 525 497 556 ex
516 509 646 556 vitiis
666 525 819 557 unum
841 529 853 565 ;
887 510 966 557 cui
986 510 1028 557 si
1048 510 1308 557 concedere
1327 509 1465 566 nolis,

438 582 595 628 multa
614 585 871 638 poe'tarum
892 583 1059 631 veniat
1078 598 1252 630 manus
1271 583 1451 631 auxilio
1469 598 1592 638 quae

437 656 502 702 sit
522 654 641 702 mihi
662 656 793 711 (nam
814 656 971 702 multo
990 656 1154 711 plures
1175 655 1379 714 sumus),
1400 672 1458 704 ac
1478 656 1630 704 veluti
1650 657 1700 703 te

437 728 607 776 Iudaei
626 743 850 785 cogemus
869 729 920 777 in
942 728 1069 777 hanc
1088 729 1350 778 concedere
1370 730 1585 778 turbam.

1089 976 1137 1024 V

437 1090 741 1139 EGRESSUM
761 1105 940 1147 magna
958 1106 1035 1137 me
1054 1089 1240 1146 accepit
1260 1089 1426 1137 Aricia
1445 1091 1603 1139 Roma

434 1164 643 1221 hospitio
661 1164 848 1212 modico
867 1183 879 1221 3
911 1164 1081 1211 rhetor
1099 1179 1256 1211 comes
1276 1164 1585 1222 Heliodorus,

438 1237 734 1284 Graecorum
755 1236 897 1293 longe
922 1236 1257 1294 doctissimus3
1284 1237 1396 1284 inde
1418 1237 1601 1285 Forum
1620 1238 1768 1296 Appi,

436 1310 686 1357 differtum
708 1310 888 1367 nautis,
911 1310 1205 1366 cauponibus
1226 1311 1371 1366 atque
1391 1311 1631 1367 malignis.

387 1396 412 1441 5
438 1385 547 1431 Hoc
565 1385 662 1431 iter
680 1383 845 1441 ignavi
865 1383 1129 1440 divisimus,
1149 1383 1298 1432 altius
1318 1399 1375 1436 ae
1395 1399 1481 1431 nos

437 1457 724 1514 praecinctis
744 1472 896 1504 unum
913 1476 924 1505 ε
953 1456 1113 1505 minus
1132 1458 1207 1504 est
1227 1457 1389 1516 gravis
1410 1458 1572 1515 Appia
1589 1458 1763 1509 tardis.

435 1531 532 1580 Hic
551 1546 642 1588 ego
660 1533 860 1588 propter
871 1546 1063 1587 aquam,
1081 1531 1208 1586 quod
1220 1533 1327 1578 erat
1340 1532 1618 1590 deterrima,
1628 1533 1790 1581 ventri

433 1606 593 1653 indico
612 1605 809 1662 bellum,
833 1607 1061 1653 cenantes
1081 1604 1215 1655 haud
1233 1605 1394 1652 animo
1412 1621 1565 1662 aequo

435 1679 722 1734 exspectans
743 1677 956 1725 comites.
1017 1678 1125 1724 Iam
1145 1693 1243 1725 nox
1260 1678 1487 1726 inducere
1507 1680 1651 1726 terris

360 1770 413 1800 10
435 1751 632 1798 umbras
660 1753 710 1798 et
730 1750 862 1798 caelo
881 1751 1151 1798 diffundere
1171 1751 1309 1807 signa
1329 1753 1549 1807 parabat.

437 1826 563 1872 Tum
583 1824 721 1880 pueri
740 1824 920 1881 nautis,
942 1824 1103 1880 pueris
1124 1824 1341 1872 convicia
1358 1827 1537 1873 nautae

435 1899 668 1955 ing-erere.
702 1898 714 1919 ‘
730 1899 844 1946 Huc
856 1898 1044 1954 appelle
1066 1901 1076 1945 Ξ
1098 1898 1109 1918 ’
1164 1899 1176 1919 ‘
1194 1899 1457 1946 Trecentos
1468 1899 1666 1946 inseris:
1698 1899 1788 1948 ohe

432 1972 530 2019 iam
543 1972 662 2019 satis
675 1974 750 2019 est
768 1976 778 2019 l
793 1973 804 1991 '
840 1972 972 2018 Dum
986 1987 1067 2020 aes
1080 1971 1308 2029 exigitur,
1318 1972 1435 2019 dum
1447 1973 1786 2031 mulaligatur‚

434 2047 541 2093 tota
561 2046 662 2093 abit
682 2045 818 2094 hora.
878 2046 999 2093 Mali
1019 2046 1194 2094 culices
1213 2062 1456 2103 ranaeque
1475 2046 1717 2102 palustres

360 2134 411 2180 15
436 2120 666 2167 avertunt
687 2134 892 2176 somnos,
914 2120 1164 2167 absentem
1184 2121 1241 2166 ut
1262 2121 1431 2167 cantat
1450 2119 1654 2168 amicam

436 2192 592 2239 multa
610 2192 831 2247 prolutus
851 2208 1012 2249 vappa
1029 2195 1184 2241 nauta
1203 2195 1347 2248 atqne
1367 2194 1528 2241 viator

434 2262 677 2309 certatim.
739 2261 954 2309 Tandem
977 2262 1135 2308 fessus
1155 2262 1364 2310 dormire
1383 2263 1544 2311 viator

432 2333 618 2390 incipit,
641 2350 696 2381 ac
717 2335 890 2381 missae
911 2336 1110 2390 pastum
1128 2335 1400 2382 retinacula
1420 2335 1579 2382 mulae

434 2409 586 2454 nauta
604 2407 742 2465 piger
762 2423 878 2453 saxo
903 2407 1082 2463 religat
1103 2408 1359 2463 stertitcme
1380 2409 1595 2464 supinus.

355 2499 411 2528 20
434 2480 633 2536 Iamque
653 2480 752 2527 dies
773 2480 960 2536 aderat,
983 2479 1049 2526 nil
1072 2495 1180 2526 cum
1200 2482 1458 2536 procedere
1478 2483 1674 2531 lintrem

531 2553 547 2599 [
566 2555 635 2592 180
654 2553 668 2598 ]
