2109 2975
744 208 1081 249 SATIRARUM
1120 209 1176 248 11.
1204 216 1253 247 111

318 306 371 353 Si
391 307 517 355 male
537 316 640 355 rem
659 322 829 364 gerere
848 306 1007 354 insani
1027 308 1120 364 est,
1143 306 1314 354 contra
1331 304 1453 354 bene
1472 305 1594 362 sani,
1639 310 1650 316 ⁴

235 395 295 441 75
313 381 536 438 putidius
557 380 712 428 multo
731 380 982 428 cerebrum
1002 382 1095 437 est,
1117 380 1235 427 mihi
1255 381 1410 438 crede,
1427 379 1623 436 Perelli‚

317 455 548 502 dictantis
569 454 696 510 quod
714 456 773 501 tu
791 469 1057 509 numquam
1077 453 1339 501 rescribere
1359 453 1525 509 possis.

314 528 499 576 Audire
519 530 665 583 atque
683 529 849 585 togam
861 527 1010 574 inmo
1026 541 1329 583 componere,
1351 527 1562 583 quisquis

313 602 575 649 ambitione
596 601 725 648 mala
742 603 832 648 aut
850 599 1044 657 argenti
1060 599 1216 657 pallet
1234 614 1413 657 amore,

314 674 529 731 quisquis
548 673 743 721 luxuria
760 672 952 721 tristive
972 673 1315 729 superstitione

236 757 294 799 80
316 749 404 794 aut
425 747 519 794 alio
532 747 712 795 mentis
731 747 898 794 morbo
914 746 1071 803 calet3
1100 746 1196 793 huc
1216 747 1412 803 propius
1436 763 1529 803 me,

315 821 433 867 dum
452 821 598 868 doceo
615 821 827 868 insanire
845 835 1028 878 omnen,
1050 834 1135 867 vos
1155 820 1321 868 ordine
1334 820 1487 868 adite.

315 894 496 942 Danda
513 896 588 942 est
607 894 807 941 ellebori
824 893 981 941 multo
999 908 1115 949 pars
1133 893 1347 941 maxima
1363 893 1525 940 avaris
1541 929 1556 949 ‚

313 968 477 1014 nescio
495 983 559 1015 an
578 967 866 1023 Anticyram
888 967 1015 1014 ratio
1033 966 1131 1013 illis
1159 967 1367 1014 destinet
1386 982 1593 1015 omnem.

316 1042 535 1088 Heredes
557 1040 749 1088 Staberi
768 1055 1008 1087 summam
1024 1039 1238 1087 incidere
1258 1038 1477 1095 sepulcro
1490 1059 1508 1087 t

236 1124 292 1177 85
316 1114 366 1159 ni
386 1114 453 1160 sic
472 1114 700 1161 fecissent
719 1113 1044 1170 gladiatorum
1066 1112 1183 1159 dare
1203 1114 1400 1160 centum

314 1186 537 1234 damnati
551 1186 727 1242 populo
746 1186 886 1242 paria
904 1188 1050 1241 atque
1070 1185 1267 1241 epulum
1288 1185 1490 1233 arbitrio
1508 1186 1641 1243 Arri,

314 1259 554 1306 frumenti
572 1261 809 1315 quantum
829 1258 970 1305 metit
990 1257 1180 1306 Africa.
1243 1258 1254 1279 ‘
1276 1258 1385 1305 Sive
1404 1274 1494 1314 ego
1523 1274 1670 1313 prave

310 1348 400 1380 seu
418 1334 548 1380 recte
567 1332 657 1379 hoc
675 1331 821 1388 volui,
843 1347 904 1379 ne
924 1331 988 1378 sis
1008 1333 1216 1387 patruus
1237 1332 1396 1378 mihi.'·
1449 1332 1605 1379 Credo
1647 1357 1652 1358 ν

313 1407 406 1454 hoc
447 1406 637 1453 Staberi
670 1406 958 1462 prudentem
996 1404 1214 1451 animum
1249 1405 1438 1453 vidisse.
1512 1405 1524 1426 ‘
1542 1405 1669 1461 Quid

427 1495 543 1537 ergo
1649 1488 1654 1491 “

233 1573 291 1616 90
315 1556 466 1604 sensit
487 1568 596 1602 cum
612 1571 850 1603 summam
866 1553 1129 1610 patrimoni
1149 1554 1421 1610 insculpere
1441 1570 1557 1602 saxo

314 1629 515 1685 heredes
534 1629 719 1676 voluit?
735 1629 745 1648 '
808 1627 979 1684 Quoad
998 1626 1123 1674 vixit
1143 1626 1349 1675 credidit
1367 1627 1538 1684 ingens

314 1701 594 1758 pauperiem
614 1701 788 1769 vitium
808 1703 858 1749 et
879 1701 1008 1748 cavit
1024 1700 1149 1747 nihil
1167 1700 1343 1758 acrius,
1365 1703 1423 1748 ut
1441 1701 1484 1749 si

313 1776 443 1823 forte
463 1775 623 1823 minus
634 1775 856 1831 locuples
876 1789 975 1826 uuo
996 1774 1266 1829 quadrante
1286 1775 1491 1831 perisset

313 1850 418 1905 ipse
436 1849 683 1897 videretur
703 1848 793 1895 sibi
812 1847 1012 1903 nequior
1023 1868 1040 1894 ι
1068 1848 1222 1894 omnis
1239 1848 1370 1894 enim
1388 1863 1484 1904 res,

232 1932 290 1980 95
315 1924 490 1980 virtus,
509 1924 661 1980 fama,
684 1923 846 1979 decus,
866 1920 1030 1969 divina
1052 1922 1360 1978 humanaque
1378 1922 1592 1978 pulchris

317 1997 497 2044 divitiis
515 1998 692 2053 parent
709 2016 720 2051 ;
749 2011 868 2052 quas
889 1995 972 2051 qui
992 1996 1319 2043 construxerit
1336 1994 1417 2041 ille

316 2070 476 2118 clarus
501 2071 612 2127 erit,
628 2070 792 2127 fortis,
812 2069 988 2116 iustus.
1038 2068 1335 2123 Sapiensnei’
1386 2068 1550 2116 Etiam
1572 2087 1584 2124 3
1618 2069 1668 2114 et

425 2159 529 2201 rex,
1347 2155 1364 2190 .·

315 2219 366 2265 et
385 2217 611 2273 quicquid
629 2217 775 2265 volet.
836 2217 944 2262 Hoc
965 2213 1116 2262 veluti
1136 2215 1320 2262 virtute
1339 2217 1566 2271 paratum

316 2291 530 2347 speravit
550 2305 755 2346 magnae
774 2289 907 2336 laudi
926 2289 1045 2336 fore.
1107 2289 1238 2345 Quid
1256 2289 1411 2336 simile
1430 2289 1512 2336 isti

207 2380 291 2412 100
317 2364 534 2411 Graecus
560 2363 873 2418 Aristippus?
924 2363 1009 2418 qui
1028 2378 1192 2411 servos
1213 2363 1427 2418 proicere
1447 2377 1621 2409 aurum

312 2438 366 2484 in
387 2437 543 2483 media
562 2436 703 2483 iussit
723 2435 894 2492 Libya,
915 2436 1030 2491 quia
1049 2437 1239 2483 tardius
1259 2436 1388 2483 irent

315 2511 514 2564 propter
533 2524 654 2555 onus
676 2522 860 2564 segnes.
921 2508 1047 2554 Uter
1067 2509 1143 2554 est
1161 2507 1376 2553 insanior
1397 2507 1600 2552 horum?

419 2579 558 2630 [209]
