<?xml version="1.0" encoding="UTF-8"?>
<!DOCTYPE html PUBLIC "-//W3C//DTD XHTML 1.0 Transitional//EN"
    "http://www.w3.org/TR/xhtml1/DTD/xhtml1-transitional.dtd">
<html xmlns="http://www.w3.org/1999/xhtml" xml:lang="en" lang="en">
 <head>
  <title>
</title>
<meta http-equiv="Content-Type" content="text/html;charset=utf-8" />
  <meta name='ocr-system' content='tesseract 3.04.00' />
  <meta name='ocr-capabilities' content='ocr_page ocr_carea ocr_par ocr_line ocrx_word'/>
</head>
<body>
  <div class='ocr_page' id='page_1' title='image "./operaomnia06unkngoog_0216.png"; bbox 0 0 2109 2975; ppageno 0'>
   <div class='ocr_carea' id='block_1_1' title="bbox 1007 195 1229 238">
    <p class='ocr_par' dir='ltr' id='par_1_1' title="bbox 1007 195 1229 238">
     <span class='ocr_line' id='line_1_1' title="bbox 1007 195 1229 238; baseline 0.005 -1"><span class='ocrx_word' id='word_1_1' title='bbox 1007 195 1229 238; x_wconf 64' lang='lat' dir='ltr'><strong>HmzA&#39;rI</strong></span> 
     </span>
    </p>
   </div>
   <div class='ocr_carea' id='block_1_2' title="bbox 336 294 1801 2615">
    <p class='ocr_par' dir='ltr' id='par_1_2' title="bbox 336 294 1801 2615">
     <span class='ocr_line' id='line_1_2' title="bbox 443 294 1640 352; baseline 0.002 -11"><span class='ocrx_word' id='word_1_2' title='bbox 443 294 557 343; x_wconf 86' lang='lat' dir='ltr'><strong>Non</strong></span> <span class='ocrx_word' id='word_1_3' title='bbox 577 296 653 342; x_wconf 86' lang='lat' dir='ltr'><strong>est</strong></span> <span class='ocrx_word' id='word_1_4' title='bbox 673 294 925 342; x_wconf 79' lang='lat' dir='ltr'><strong>cardiacus</strong></span> <span class='ocrx_word' id='word_1_5' title='bbox 947 295 1227 352; x_wconf 79' lang='lat' dir='ltr'><strong>(Craterum</strong></span> <span class='ocrx_word' id='word_1_6' title='bbox 1248 295 1425 342; x_wconf 76' lang='lat' dir='ltr'><strong>dixisse</strong></span> <span class='ocrx_word' id='word_1_7' title='bbox 1445 295 1640 351; x_wconf 86' lang='lat' dir='ltr'><strong>putato)</strong></span> 
     </span>
     <span class='ocr_line' id='line_1_3' title="bbox 443 364 1755 423; baseline 0.002 -12"><span class='ocrx_word' id='word_1_8' title='bbox 443 364 521 411; x_wconf 90' lang='lat' dir='ltr'><strong>hic</strong></span> <span class='ocrx_word' id='word_1_9' title='bbox 542 380 686 421; x_wconf 77' lang='lat' dir='ltr'><strong>aeger</strong></span> <span class='ocrx_word' id='word_1_10' title='bbox 704 386 714 411; x_wconf 72' lang='grc' dir='ltr'><em>ι</em></span> <span class='ocrx_word' id='word_1_11' title='bbox 747 366 877 411; x_wconf 87' lang='lat' dir='ltr'><strong>reete</strong></span> <span class='ocrx_word' id='word_1_12' title='bbox 897 366 972 411; x_wconf 89' lang='lat' dir='ltr'><strong>est</strong></span> <span class='ocrx_word' id='word_1_13' title='bbox 991 364 1148 420; x_wconf 80' lang='lat' dir='ltr'><strong>igitur</strong></span> <span class='ocrx_word' id='word_1_14' title='bbox 1167 368 1465 421; x_wconf 75' lang='lat' dir='ltr'><strong>surgetque?</strong></span> <span class='ocrx_word' id='word_1_15' title='bbox 1522 366 1755 423; x_wconf 81' lang='lat' dir='ltr'><strong>Negabit,</strong></span> 
     </span>
     <span class='ocr_line' id='line_1_4' title="bbox 443 437 1688 495; baseline 0.002 -11"><span class='ocrx_word' id='word_1_16' title='bbox 443 438 570 493; x_wconf 90' lang='lat' dir='ltr'><strong>quod</strong></span> <span class='ocrx_word' id='word_1_17' title='bbox 587 437 718 484; x_wconf 90' lang='lat' dir='ltr'><strong>latus</strong></span> <span class='ocrx_word' id='word_1_18' title='bbox 738 440 825 491; x_wconf 79' lang='lat' dir='ltr'><strong>aujt</strong></span> <span class='ocrx_word' id='word_1_19' title='bbox 853 453 992 487; x_wconf 87' lang='lat' dir='ltr'><strong>renes</strong></span> <span class='ocrx_word' id='word_1_20' title='bbox 1014 439 1183 486; x_wconf 88' lang='lat' dir='ltr'><strong>morbo</strong></span> <span class='ocrx_word' id='word_1_21' title='bbox 1200 440 1510 495; x_wconf 72' lang='lat' dir='ltr'><strong>temptentur</strong></span> <span class='ocrx_word' id='word_1_22' title='bbox 1529 441 1688 488; x_wconf 84' lang='lat' dir='ltr'><strong>acuto.</strong></span> 
     </span>
     <span class='ocr_line' id='line_1_5' title="bbox 443 511 1800 568; baseline 0.001 -11"><span class='ocrx_word' id='word_1_23' title='bbox 443 511 556 557; x_wconf 85' lang='lat' dir='ltr'><strong>Non</strong></span> <span class='ocrx_word' id='word_1_24' title='bbox 577 512 653 558; x_wconf 87' lang='lat' dir='ltr'><strong>est</strong></span> <span class='ocrx_word' id='word_1_25' title='bbox 672 511 898 566; x_wconf 85' lang='lat' dir='ltr'><strong>periurus</strong></span> <span class='ocrx_word' id='word_1_26' title='bbox 918 527 1074 568; x_wconf 88' lang='lat' dir='ltr'><strong>neque</strong></span> <span class='ocrx_word' id='word_1_27' title='bbox 1091 511 1313 559; x_wconf 88' lang='lat' dir='ltr'><strong>sordidus</strong></span> <span class='ocrx_word' id='word_1_28' title='bbox 1327 511 1620 560; x_wconf 67' lang='lat' dir='ltr'><strong>z—immolet</strong></span> <span class='ocrx_word' id='word_1_29' title='bbox 1633 512 1800 568; x_wconf 87' lang='lat' dir='ltr'><strong>aequis</strong></span> 
     </span>
     <span class='ocr_line' id='line_1_6' title="bbox 340 583 1800 641; baseline 0.003 -12"><span class='ocrx_word' id='word_1_30' title='bbox 340 586 419 641; x_wconf 88' lang='lat'><strong>165</strong></span> <span class='ocrx_word' id='word_1_31' title='bbox 443 583 521 630; x_wconf 89' lang='lat' dir='ltr'><strong>hic</strong></span> <span class='ocrx_word' id='word_1_32' title='bbox 531 599 734 639; x_wconf 88' lang='lat' dir='ltr'><strong>porcum</strong></span> <span class='ocrx_word' id='word_1_33' title='bbox 749 584 956 632; x_wconf 81' lang='lat' dir='ltr'><strong>Laribus</strong></span> <span class='ocrx_word' id='word_1_34' title='bbox 970 606 985 633; x_wconf 66' lang='grc' dir='ltr'><strong><em>τ</em></strong></span> <span class='ocrx_word' id='word_1_35' title='bbox 1007 601 1178 633; x_wconf 86' lang='lat' dir='ltr'><strong>verum</strong></span> <span class='ocrx_word' id='word_1_36' title='bbox 1196 585 1479 633; x_wconf 89' lang='lat' dir='ltr'><strong>ambitiosus</strong></span> <span class='ocrx_word' id='word_1_37' title='bbox 1494 588 1546 633; x_wconf 90' lang='lat' dir='ltr'><strong>et</strong></span> <span class='ocrx_word' id='word_1_38' title='bbox 1554 586 1715 633; x_wconf 83' lang='lat' dir='ltr'><strong>audax</strong></span> <span class='ocrx_word' id='word_1_39' title='bbox 1728 607 1800 634; x_wconf 84' lang='lat'><strong>:—</strong></span> 
     </span>
     <span class='ocr_line' id='line_1_7' title="bbox 443 657 1799 716; baseline 0.002 -12"><span class='ocrx_word' id='word_1_40' title='bbox 443 657 646 713; x_wconf 76' lang='lat' dir='ltr'><strong>naviget</strong></span> <span class='ocrx_word' id='word_1_41' title='bbox 653 657 961 714; x_wconf 77' lang='lat' dir='ltr'><strong>Anticyram..</strong></span> <span class='ocrx_word' id='word_1_42' title='bbox 1011 659 1139 715; x_wconf 82' lang='lat' dir='ltr'><strong>Quid</strong></span> <span class='ocrx_word' id='word_1_43' title='bbox 1152 659 1281 706; x_wconf 84' lang='lat' dir='ltr'><strong>enim</strong></span> <span class='ocrx_word' id='word_1_44' title='bbox 1298 659 1484 716; x_wconf 86' lang='lat' dir='ltr'><strong>differt,</strong></span> <span class='ocrx_word' id='word_1_45' title='bbox 1502 659 1799 707; x_wconf 79' lang='lat' dir='ltr'><strong>barathrone</strong></span> 
     </span>
     <span class='ocr_line' id='line_1_8' title="bbox 442 729 1801 788; baseline 0.002 -12"><span class='ocrx_word' id='word_1_46' title='bbox 442 729 589 777; x_wconf 88' lang='lat' dir='ltr'><strong>dones</strong></span> <span class='ocrx_word' id='word_1_47' title='bbox 608 730 837 786; x_wconf 88' lang='lat' dir='ltr'><strong>quicquid</strong></span> <span class='ocrx_word' id='word_1_48' title='bbox 862 731 1014 779; x_wconf 89' lang='lat' dir='ltr'><strong>habes</strong></span> <span class='ocrx_word' id='word_1_49' title='bbox 1038 748 1103 778; x_wconf 91' lang='lat' dir='ltr'><strong>an</strong></span> <span class='ocrx_word' id='word_1_50' title='bbox 1123 747 1390 788; x_wconf 78' lang='lat' dir='ltr'><strong>numquam</strong></span> <span class='ocrx_word' id='word_1_51' title='bbox 1411 735 1554 780; x_wconf 87' lang='lat' dir='ltr'><strong>utare</strong></span> <span class='ocrx_word' id='word_1_52' title='bbox 1574 733 1801 788; x_wconf 83' lang='lat' dir='ltr'><strong>paratis?</strong></span> 
     </span>
     <span class='ocr_line' id='line_1_9' title="bbox 445 803 1610 862; baseline 0.003 -12"><span class='ocrx_word' id='word_1_53' title='bbox 445 803 639 851; x_wconf 86' lang='lat' dir='ltr'><strong>Servius</strong></span> <span class='ocrx_word' id='word_1_54' title='bbox 660 804 897 860; x_wconf 85' lang='lat' dir='ltr'><strong>Oppidius</strong></span> <span class='ocrx_word' id='word_1_55' title='bbox 918 805 1103 852; x_wconf 83' lang='lat' dir='ltr'><strong>Canusi</strong></span> <span class='ocrx_word' id='word_1_56' title='bbox 1122 806 1219 853; x_wconf 88' lang='lat' dir='ltr'><strong>duo</strong></span> <span class='ocrx_word' id='word_1_57' title='bbox 1237 806 1454 862; x_wconf 87' lang='lat' dir='ltr'><strong>praedia,</strong></span> <span class='ocrx_word' id='word_1_58' title='bbox 1476 806 1610 854; x_wconf 82' lang='lat' dir='ltr'><strong>dives</strong></span> 
     </span>
     <span class='ocr_line' id='line_1_10' title="bbox 441 876 1420 935; baseline 0.003 -12"><span class='ocrx_word' id='word_1_59' title='bbox 441 876 645 933; x_wconf 87' lang='lat' dir='ltr'><strong>antiquo</strong></span> <span class='ocrx_word' id='word_1_60' title='bbox 665 892 830 935; x_wconf 87' lang='lat' dir='ltr'><strong>censu,</strong></span> <span class='ocrx_word' id='word_1_61' title='bbox 850 877 1015 935; x_wconf 80' lang='lat' dir='ltr'><strong>gnatis</strong></span> <span class='ocrx_word' id='word_1_62' title='bbox 1036 878 1215 926; x_wconf 84' lang='lat' dir='ltr'><strong>divisse</strong></span> <span class='ocrx_word' id='word_1_63' title='bbox 1234 878 1420 927; x_wconf 89' lang='lat' dir='ltr'><strong>duobus</strong></span> 
     </span>
     <span class='ocr_line' id='line_1_11' title="bbox 339 950 1600 1008; baseline 0.002 -12"><span class='ocrx_word' id='word_1_64' title='bbox 339 966 421 1008; x_wconf 92' lang='lat'><strong>170</strong></span> <span class='ocrx_word' id='word_1_65' title='bbox 442 951 607 998; x_wconf 82' lang='lat' dir='ltr'><strong>fertur</strong></span> <span class='ocrx_word' id='word_1_66' title='bbox 626 953 676 998; x_wconf 89' lang='lat' dir='ltr'><strong>et</strong></span> <span class='ocrx_word' id='word_1_67' title='bbox 694 951 785 998; x_wconf 88' lang='lat' dir='ltr'><strong>hoc</strong></span> <span class='ocrx_word' id='word_1_68' title='bbox 805 950 1012 999; x_wconf 86' lang='lat' dir='ltr'><strong>moriens</strong></span> <span class='ocrx_word' id='word_1_69' title='bbox 1032 953 1197 1008; x_wconf 88' lang='lat' dir='ltr'><strong>pueris</strong></span> <span class='ocrx_word' id='word_1_70' title='bbox 1218 952 1394 1000; x_wconf 83' lang='lat' dir='ltr'><strong>dixisse</strong></span> <span class='ocrx_word' id='word_1_71' title='bbox 1413 952 1600 1000; x_wconf 81' lang='lat' dir='ltr'><strong>vocatis</strong></span> 
     </span>
     <span class='ocr_line' id='line_1_12' title="bbox 442 1023 1729 1084; baseline 0.002 -14"><span class='ocrx_word' id='word_1_72' title='bbox 442 1024 505 1070; x_wconf 88' lang='lat' dir='ltr'><strong>ad</strong></span> <span class='ocrx_word' id='word_1_73' title='bbox 524 1023 705 1071; x_wconf 89' lang='lat' dir='ltr'><strong>lectum</strong></span> <span class='ocrx_word' id='word_1_74' title='bbox 727 1044 738 1072; x_wconf 73' lang='grc' dir='ltr'><strong>ε</strong></span> <span class='ocrx_word' id='word_1_75' title='bbox 772 1025 783 1045; x_wconf 88' lang='lat'>‘</span> <span class='ocrx_word' id='word_1_76' title='bbox 801 1025 1070 1081; x_wconf 87' lang='lat' dir='ltr'><strong>Postquam</strong></span> <span class='ocrx_word' id='word_1_77' title='bbox 1090 1027 1141 1071; x_wconf 89' lang='lat' dir='ltr'><strong>te</strong></span> <span class='ocrx_word' id='word_1_78' title='bbox 1159 1025 1303 1083; x_wconf 88' lang='lat' dir='ltr'><strong>talos,</strong></span> <span class='ocrx_word' id='word_1_79' title='bbox 1323 1026 1467 1084; x_wconf 88' lang='lat' dir='ltr'><strong>Aule,</strong></span> <span class='ocrx_word' id='word_1_80' title='bbox 1488 1041 1729 1081; x_wconf 86' lang='lat' dir='ltr'><strong>nucesque</strong></span> 
     </span>
     <span class='ocr_line' id='line_1_13' title="bbox 440 1097 1450 1157; baseline 0.003 -13"><span class='ocrx_word' id='word_1_81' title='bbox 440 1098 572 1145; x_wconf 82' lang='lat' dir='ltr'><strong>ferre</strong></span> <span class='ocrx_word' id='word_1_82' title='bbox 593 1097 704 1145; x_wconf 91' lang='lat' dir='ltr'><strong>sinu</strong></span> <span class='ocrx_word' id='word_1_83' title='bbox 723 1098 853 1156; x_wconf 88' lang='lat' dir='ltr'><strong>laxo,</strong></span> <span class='ocrx_word' id='word_1_84' title='bbox 876 1099 1056 1146; x_wconf 87' lang='lat' dir='ltr'><strong>donare</strong></span> <span class='ocrx_word' id='word_1_85' title='bbox 1076 1100 1126 1145; x_wconf 88' lang='lat' dir='ltr'><strong>et</strong></span> <span class='ocrx_word' id='word_1_86' title='bbox 1146 1099 1315 1147; x_wconf 91' lang='lat' dir='ltr'><strong>ludere</strong></span> <span class='ocrx_word' id='word_1_87' title='bbox 1334 1100 1450 1157; x_wconf 86' lang='lat' dir='ltr'><strong>vidi,</strong></span> 
     </span>
     <span class='ocr_line' id='line_1_14' title="bbox 439 1170 1729 1238; baseline 0.003 -20"><span class='ocrx_word' id='word_1_88' title='bbox 439 1174 509 1229; x_wconf 90' lang='lat' dir='ltr'><strong>te,</strong></span> <span class='ocrx_word' id='word_1_89' title='bbox 532 1170 715 1238; x_wconf 79' lang='lat' dir='ltr'><strong>Tiberi,</strong></span> <span class='ocrx_word' id='word_1_90' title='bbox 737 1186 1013 1227; x_wconf 88' lang='lat' dir='ltr'><strong>numerare,</strong></span> <span class='ocrx_word' id='word_1_91' title='bbox 1036 1172 1168 1219; x_wconf 79' lang='lat' dir='ltr'><strong>cavis</strong></span> <span class='ocrx_word' id='word_1_92' title='bbox 1186 1172 1482 1221; x_wconf 82' lang='lat' dir='ltr'><strong>abscondere</strong></span> <span class='ocrx_word' id='word_1_93' title='bbox 1503 1173 1729 1231; x_wconf 79' lang='lat' dir='ltr'><strong>tristem3</strong></span> 
     </span>
     <span class='ocr_line' id='line_1_15' title="bbox 441 1246 1457 1303; baseline 0.002 -11"><span class='ocrx_word' id='word_1_94' title='bbox 441 1246 644 1293; x_wconf 85' lang='lat' dir='ltr'><strong>extimui</strong></span> <span class='ocrx_word' id='word_1_95' title='bbox 662 1261 723 1293; x_wconf 90' lang='lat' dir='ltr'><strong>ne</strong></span> <span class='ocrx_word' id='word_1_96' title='bbox 743 1261 828 1293; x_wconf 81' lang='lat' dir='ltr'><strong>vos</strong></span> <span class='ocrx_word' id='word_1_97' title='bbox 850 1247 1019 1300; x_wconf 84' lang='lat' dir='ltr'><strong>ageret</strong></span> <span class='ocrx_word' id='word_1_98' title='bbox 1038 1246 1238 1293; x_wconf 83' lang='lat' dir='ltr'><strong>vesania</strong></span> <span class='ocrx_word' id='word_1_99' title='bbox 1257 1247 1457 1303; x_wconf 78' lang='lat' dir='ltr'><strong>discors,</strong></span> 
     </span>
     <span class='ocr_line' id='line_1_16' title="bbox 339 1320 1587 1377; baseline 0.001 -12"><span class='ocrx_word' id='word_1_100' title='bbox 339 1330 417 1377; x_wconf 87' lang='lat'><strong>175</strong></span> <span class='ocrx_word' id='word_1_101' title='bbox 440 1320 498 1366; x_wconf 87' lang='lat' dir='ltr'><strong>tu</strong></span> <span class='ocrx_word' id='word_1_102' title='bbox 517 1320 903 1376; x_wconf 89' lang='lat' dir='ltr'><strong>Nomentanum,</strong></span> <span class='ocrx_word' id='word_1_103' title='bbox 925 1320 987 1365; x_wconf 91' lang='lat' dir='ltr'><strong>tu</strong></span> <span class='ocrx_word' id='word_1_104' title='bbox 1004 1334 1068 1365; x_wconf 90' lang='lat' dir='ltr'><strong>ne</strong></span> <span class='ocrx_word' id='word_1_105' title='bbox 1090 1334 1341 1375; x_wconf 85' lang='lat' dir='ltr'><strong>sequerere</strong></span> <span class='ocrx_word' id='word_1_106' title='bbox 1361 1320 1587 1371; x_wconf 78' lang='lat' dir='ltr'><strong>Cicutam</strong></span> 
     </span>
     <span class='ocr_line' id='line_1_17' title="bbox 442 1392 1524 1449; baseline 0.002 -10"><span class='ocrx_word' id='word_1_107' title='bbox 442 1394 603 1449; x_wconf 81' lang='lat' dir='ltr'><strong>Quare</strong></span> <span class='ocrx_word' id='word_1_108' title='bbox 622 1408 711 1449; x_wconf 84' lang='lat' dir='ltr'><strong>per</strong></span> <span class='ocrx_word' id='word_1_109' title='bbox 730 1392 863 1440; x_wconf 82' lang='lat' dir='ltr'><strong>divos</strong></span> <span class='ocrx_word' id='word_1_110' title='bbox 883 1395 1051 1440; x_wconf 91' lang='lat' dir='ltr'><strong>oratus</strong></span> <span class='ocrx_word' id='word_1_111' title='bbox 1072 1394 1276 1449; x_wconf 84' lang='lat' dir='ltr'><strong>uterque</strong></span> <span class='ocrx_word' id='word_1_112' title='bbox 1294 1393 1524 1449; x_wconf 77' lang='lat' dir='ltr'><strong>Penates,</strong></span> 
     </span>
     <span class='ocr_line' id='line_1_18' title="bbox 440 1460 1529 1523; baseline 0.002 -10"><span class='ocrx_word' id='word_1_113' title='bbox 440 1468 500 1513; x_wconf 90' lang='lat' dir='ltr'><strong>tu</strong></span> <span class='ocrx_word' id='word_1_114' title='bbox 521 1481 637 1515; x_wconf 85' lang='lat' dir='ltr'><strong>cave</strong></span> <span class='ocrx_word' id='word_1_115' title='bbox 656 1481 717 1514; x_wconf 88' lang='lat' dir='ltr'><strong>ne</strong></span> <span class='ocrx_word' id='word_1_116' title='bbox 739 1466 946 1523; x_wconf 87' lang='lat' dir='ltr'><strong>minuas,</strong></span> <span class='ocrx_word' id='word_1_117' title='bbox 968 1467 1026 1513; x_wconf 90' lang='lat' dir='ltr'><strong>tu</strong></span> <span class='ocrx_word' id='word_1_118' title='bbox 1046 1481 1108 1514; x_wconf 89' lang='lat' dir='ltr'><strong>ne</strong></span> <span class='ocrx_word' id='word_1_119' title='bbox 1129 1466 1285 1515; x_wconf 88' lang='lat' dir='ltr'><strong>maius</strong></span> <span class='ocrx_word' id='word_1_120' title='bbox 1304 1460 1457 1515; x_wconf 82' lang='lat' dir='ltr'><strong>facias</strong></span> <span class='ocrx_word' id='word_1_121' title='bbox 1478 1466 1529 1515; x_wconf 91' lang='lat' dir='ltr'><strong>id</strong></span> 
     </span>
     <span class='ocr_line' id='line_1_19' title="bbox 440 1539 1662 1596; baseline 0.002 -10"><span class='ocrx_word' id='word_1_122' title='bbox 440 1540 567 1596; x_wconf 88' lang='lat' dir='ltr'><strong>quod</strong></span> <span class='ocrx_word' id='word_1_123' title='bbox 587 1539 706 1587; x_wconf 88' lang='lat' dir='ltr'><strong>satis</strong></span> <span class='ocrx_word' id='word_1_124' title='bbox 727 1555 832 1587; x_wconf 86' lang='lat' dir='ltr'><strong>esse</strong></span> <span class='ocrx_word' id='word_1_125' title='bbox 851 1542 999 1595; x_wconf 87' lang='lat' dir='ltr'><strong>putat</strong></span> <span class='ocrx_word' id='word_1_126' title='bbox 1019 1541 1164 1596; x_wconf 89' lang='lat' dir='ltr'><strong>pater</strong></span> <span class='ocrx_word' id='word_1_127' title='bbox 1183 1541 1234 1588; x_wconf 86' lang='lat' dir='ltr'><strong>et</strong></span> <span class='ocrx_word' id='word_1_128' title='bbox 1253 1542 1437 1589; x_wconf 86' lang='lat' dir='ltr'><strong>natura</strong></span> <span class='ocrx_word' id='word_1_129' title='bbox 1456 1545 1662 1589; x_wconf 67' lang='lat' dir='ltr'><strong>coercet.</strong></span> 
     </span>
     <span class='ocr_line' id='line_1_20' title="bbox 442 1614 1403 1672; baseline 0.002 -12"><span class='ocrx_word' id='word_1_130' title='bbox 442 1614 707 1662; x_wconf 84' lang='lat' dir='ltr'><strong>Praeterea</strong></span> <span class='ocrx_word' id='word_1_131' title='bbox 724 1628 786 1661; x_wconf 90' lang='lat' dir='ltr'><strong>ne</strong></span> <span class='ocrx_word' id='word_1_132' title='bbox 805 1629 890 1661; x_wconf 78' lang='lat' dir='ltr'><strong>vos</strong></span> <span class='ocrx_word' id='word_1_133' title='bbox 909 1614 1083 1662; x_wconf 88' lang='lat' dir='ltr'><strong>titillet</strong></span> <span class='ocrx_word' id='word_1_134' title='bbox 1101 1614 1275 1672; x_wconf 81' lang='lat' dir='ltr'><strong>gloria,</strong></span> <span class='ocrx_word' id='word_1_135' title='bbox 1296 1615 1403 1662; x_wconf 91' lang='lat' dir='ltr'><strong>iure</strong></span> 
     </span>
     <span class='ocr_line' id='line_1_21' title="bbox 339 1687 1730 1742; baseline 0.001 -9"><span class='ocrx_word' id='word_1_136' title='bbox 339 1693 419 1734; x_wconf 88' lang='lat'><strong>180</strong></span> <span class='ocrx_word' id='word_1_137' title='bbox 437 1687 647 1734; x_wconf 88' lang='lat' dir='ltr'><strong>iurando</strong></span> <span class='ocrx_word' id='word_1_138' title='bbox 668 1687 973 1742; x_wconf 82' lang='lat' dir='ltr'><strong>obstringam</strong></span> <span class='ocrx_word' id='word_1_139' title='bbox 990 1687 1134 1735; x_wconf 87' lang='lat' dir='ltr'><strong>ambo</strong></span> <span class='ocrx_word' id='word_1_140' title='bbox 1148 1707 1162 1735; x_wconf 73' lang='lat' dir='ltr'><em>z</em></span> <span class='ocrx_word' id='word_1_141' title='bbox 1194 1690 1308 1735; x_wconf 89' lang='lat' dir='ltr'><strong>uter</strong></span> <span class='ocrx_word' id='word_1_142' title='bbox 1320 1689 1496 1736; x_wconf 78' lang='lat' dir='ltr'><strong>aedilis</strong></span> <span class='ocrx_word' id='word_1_143' title='bbox 1517 1687 1730 1735; x_wconf 77' lang='lat' dir='ltr'><strong>fueritve</strong></span> 
     </span>
     <span class='ocr_line' id='line_1_22' title="bbox 440 1759 1638 1817; baseline 0.002 -10"><span class='ocrx_word' id='word_1_144' title='bbox 440 1762 658 1807; x_wconf 84' lang='lat' dir='ltr'><strong>vestrum</strong></span> <span class='ocrx_word' id='word_1_145' title='bbox 679 1761 896 1817; x_wconf 88' lang='lat' dir='ltr'><strong>praetor,</strong></span> <span class='ocrx_word' id='word_1_146' title='bbox 918 1759 959 1806; x_wconf 89' lang='lat' dir='ltr'><strong>is</strong></span> <span class='ocrx_word' id='word_1_147' title='bbox 978 1760 1273 1809; x_wconf 86' lang='lat' dir='ltr'><strong>intestabilis</strong></span> <span class='ocrx_word' id='word_1_148' title='bbox 1294 1764 1344 1809; x_wconf 92' lang='lat' dir='ltr'><strong>et</strong></span> <span class='ocrx_word' id='word_1_149' title='bbox 1356 1777 1500 1810; x_wconf 83' lang='lat' dir='ltr'><strong>sacer</strong></span> <span class='ocrx_word' id='word_1_150' title='bbox 1520 1764 1638 1809; x_wconf 88' lang='lat' dir='ltr'><strong>esto.</strong></span> 
     </span>
     <span class='ocr_line' id='line_1_23' title="bbox 440 1833 1765 1892; baseline 0.002 -13"><span class='ocrx_word' id='word_1_151' title='bbox 440 1834 501 1879; x_wconf 90' lang='lat' dir='ltr'><strong>In</strong></span> <span class='ocrx_word' id='word_1_152' title='bbox 522 1833 674 1881; x_wconf 90' lang='lat' dir='ltr'><strong>cicere</strong></span> <span class='ocrx_word' id='word_1_153' title='bbox 693 1835 841 1889; x_wconf 75' lang='lat' dir='ltr'><strong>atque</strong></span> <span class='ocrx_word' id='word_1_154' title='bbox 859 1833 981 1881; x_wconf 82' lang='lat' dir='ltr'><strong>faba&#39;</strong></span> <span class='ocrx_word' id='word_1_155' title='bbox 995 1834 1124 1882; x_wconf 88' lang='lat' dir='ltr'><strong>bona</strong></span> <span class='ocrx_word' id='word_1_156' title='bbox 1144 1836 1204 1882; x_wconf 90' lang='lat' dir='ltr'><strong>tu</strong></span> <span class='ocrx_word' id='word_1_157' title='bbox 1223 1835 1492 1892; x_wconf 88' lang='lat' dir='ltr'><strong>perdasque</strong></span> <span class='ocrx_word' id='word_1_158' title='bbox 1514 1835 1710 1891; x_wconf 87' lang='lat' dir='ltr'><strong>lupinis,</strong></span> <span class='ocrx_word' id='word_1_159' title='bbox 1758 1858 1765 1861; x_wconf 90' lang='lat'><em>-</em></span> 
     </span>
     <span class='ocr_line' id='line_1_24' title="bbox 441 1907 1594 1965; baseline 0 -11"><span class='ocrx_word' id='word_1_160' title='bbox 441 1908 571 1954; x_wconf 88' lang='lat' dir='ltr'><strong>latus</strong></span> <span class='ocrx_word' id='word_1_161' title='bbox 591 1907 649 1953; x_wconf 91' lang='lat' dir='ltr'><strong>ut</strong></span> <span class='ocrx_word' id='word_1_162' title='bbox 668 1907 720 1954; x_wconf 91' lang='lat' dir='ltr'><strong>in</strong></span> <span class='ocrx_word' id='word_1_163' title='bbox 740 1907 879 1955; x_wconf 84' lang='lat' dir='ltr'><strong>Circo</strong></span> <span class='ocrx_word' id='word_1_164' title='bbox 891 1909 1111 1964; x_wconf 77' lang='lat' dir='ltr'><strong>spatiere</strong></span> <span class='ocrx_word' id='word_1_165' title='bbox 1129 1911 1181 1957; x_wconf 87' lang='lat' dir='ltr'><strong>et</strong></span> <span class='ocrx_word' id='word_1_166' title='bbox 1200 1911 1380 1957; x_wconf 76' lang='lat' dir='ltr'><strong>ae&#39;neus</strong></span> <span class='ocrx_word' id='word_1_167' title='bbox 1400 1910 1458 1955; x_wconf 90' lang='lat' dir='ltr'><strong>ut</strong></span> <span class='ocrx_word' id='word_1_168' title='bbox 1479 1911 1594 1965; x_wconf 86' lang='lat' dir='ltr'><strong>stes,</strong></span> 
     </span>
     <span class='ocr_line' id='line_1_25' title="bbox 416 1981 1679 2040; baseline 0.001 -13"><span class='ocrx_word' id='word_1_169' title='bbox 416 1981 601 2028; x_wconf 82' lang='lat' dir='ltr'><strong>&#39;nudus</strong></span> <span class='ocrx_word' id='word_1_170' title='bbox 622 1981 770 2038; x_wconf 79' lang='lat' dir='ltr'><strong>agris,</strong></span> <span class='ocrx_word' id='word_1_171' title='bbox 792 1981 951 2028; x_wconf 91' lang='lat' dir='ltr'><strong>nudus</strong></span> <span class='ocrx_word' id='word_1_172' title='bbox 972 1982 1202 2040; x_wconf 88' lang='lat' dir='ltr'><strong>nummis,</strong></span> <span class='ocrx_word' id='word_1_173' title='bbox 1224 1982 1410 2040; x_wconf 88' lang='lat' dir='ltr'><strong>insane,</strong></span> <span class='ocrx_word' id='word_1_174' title='bbox 1433 1982 1679 2038; x_wconf 81' lang='lat' dir='ltr'><strong>paternis3</strong></span> 
     </span>
     <span class='ocr_line' id='line_1_26' title="bbox 337 2054 1664 2112; baseline 0.001 -12"><span class='ocrx_word' id='word_1_175' title='bbox 337 2060 388 2100; x_wconf 81' lang='lat'><strong>18</strong></span> <span class='ocrx_word' id='word_1_176' title='bbox 391 2065 416 2111; x_wconf 87' lang='lat'><em>5</em></span> <span class='ocrx_word' id='word_1_177' title='bbox 441 2054 623 2102; x_wconf 89' lang='lat' dir='ltr'><strong>scilicet</strong></span> <span class='ocrx_word' id='word_1_178' title='bbox 642 2056 701 2101; x_wconf 91' lang='lat' dir='ltr'><strong>ut</strong></span> <span class='ocrx_word' id='word_1_179' title='bbox 722 2055 921 2110; x_wconf 87' lang='lat' dir='ltr'><strong>plausus</strong></span> <span class='ocrx_word' id='word_1_180' title='bbox 941 2071 1061 2111; x_wconf 89' lang='lat' dir='ltr'><strong>quos</strong></span> <span class='ocrx_word' id='word_1_181' title='bbox 1081 2057 1182 2104; x_wconf 82' lang='lat' dir='ltr'><strong>fert</strong></span> <span class='ocrx_word' id='word_1_182' title='bbox 1195 2056 1418 2112; x_wconf 78' lang='lat' dir='ltr'><strong>Agrippa</strong></span> <span class='ocrx_word' id='word_1_183' title='bbox 1438 2056 1570 2103; x_wconf 82' lang='lat' dir='ltr'><strong>feras</strong></span> <span class='ocrx_word' id='word_1_184' title='bbox 1589 2057 1664 2111; x_wconf 92' lang='lat' dir='ltr'><strong>tu,</strong></span> 
     </span>
     <span class='ocr_line' id='line_1_27' title="bbox 440 2128 1544 2185; baseline 0.003 -11"><span class='ocrx_word' id='word_1_185' title='bbox 440 2129 608 2175; x_wconf 84' lang='lat' dir='ltr'><strong>astuta</strong></span> <span class='ocrx_word' id='word_1_186' title='bbox 627 2128 893 2185; x_wconf 85' lang='lat' dir='ltr'><strong>ingenuum</strong></span> <span class='ocrx_word' id='word_1_187' title='bbox 913 2129 1089 2185; x_wconf 86' lang='lat' dir='ltr'><strong>vulpes</strong></span> <span class='ocrx_word' id='word_1_188' title='bbox 1109 2130 1306 2177; x_wconf 83' lang='lat' dir='ltr'><strong>imitata</strong></span> <span class='ocrx_word' id='word_1_189' title='bbox 1324 2129 1544 2177; x_wconf 90' lang='lat' dir='ltr'><strong>leonem.&#39;</strong></span> 
     </span>
     <span class='ocr_line' id='line_1_28' title="bbox 439 2201 1783 2260; baseline 0.001 -11"><span class='ocrx_word' id='word_1_190' title='bbox 439 2201 517 2250; x_wconf 88' lang='lat' dir='ltr'><strong>Ne</strong></span> <span class='ocrx_word' id='word_1_191' title='bbox 537 2202 643 2257; x_wconf 86' lang='lat' dir='ltr'><strong>quis</strong></span> <span class='ocrx_word' id='word_1_192' title='bbox 662 2201 890 2250; x_wconf 85' lang='lat' dir='ltr'><strong>humasse</strong></span> <span class='ocrx_word' id='word_1_193' title='bbox 910 2203 1032 2249; x_wconf 77' lang='lat' dir='ltr'><strong>velit</strong></span> <span class='ocrx_word' id='word_1_194' title='bbox 1049 2203 1268 2260; x_wconf 85' lang='lat' dir='ltr'><strong>Aiacem,</strong></span> <span class='ocrx_word' id='word_1_195' title='bbox 1289 2202 1484 2259; x_wconf 84' lang='lat' dir='ltr'><strong>Atrida,</strong></span> <span class='ocrx_word' id='word_1_196' title='bbox 1506 2204 1644 2249; x_wconf 81' lang='lat' dir='ltr'><strong>vetas</strong></span> <span class='ocrx_word' id='word_1_197' title='bbox 1665 2206 1783 2250; x_wconf 81' lang='lat' dir='ltr'><strong>cur?</strong></span> 
     </span>
     <span class='ocr_line' id='line_1_29' title="bbox 440 2274 1793 2331; baseline 0 -9"><span class='ocrx_word' id='word_1_198' title='bbox 440 2277 454 2297; x_wconf 79' lang='lat'>⁶</span> <span class='ocrx_word' id='word_1_199' title='bbox 468 2275 577 2322; x_wconf 80' lang='lat' dir='ltr'><strong>Rex</strong></span> <span class='ocrx_word' id='word_1_200' title='bbox 589 2276 731 2323; x_wconf 87' lang='lat' dir='ltr'><strong>snm.&#39;</strong></span> <span class='ocrx_word' id='word_1_201' title='bbox 763 2274 848 2322; x_wconf 88' lang='lat' dir='ltr'><strong>Nil</strong></span> <span class='ocrx_word' id='word_1_202' title='bbox 861 2275 995 2323; x_wconf 85' lang='lat' dir='ltr'><strong>ultra</strong></span> <span class='ocrx_word' id='word_1_203' title='bbox 1010 2291 1187 2331; x_wconf 89' lang='lat' dir='ltr'><strong>quaero</strong></span> <span class='ocrx_word' id='word_1_204' title='bbox 1202 2275 1433 2331; x_wconf 89' lang='lat' dir='ltr'><strong>plebeius.</strong></span> <span class='ocrx_word' id='word_1_205' title='bbox 1478 2275 1489 2296; x_wconf 93' lang='lat'>‘</span> <span class='ocrx_word' id='word_1_206' title='bbox 1505 2276 1574 2323; x_wconf 90' lang='lat' dir='ltr'><strong>Et</strong></span> <span class='ocrx_word' id='word_1_207' title='bbox 1589 2291 1793 2331; x_wconf 89' lang='lat' dir='ltr'><strong>aequam</strong></span> 
     </span>
     <span class='ocr_line' id='line_1_30' title="bbox 438 2348 1747 2406; baseline 0 -10"><span class='ocrx_word' id='word_1_208' title='bbox 438 2364 543 2396; x_wconf 89' lang='lat' dir='ltr'><strong>rem</strong></span> <span class='ocrx_word' id='word_1_209' title='bbox 561 2349 789 2406; x_wconf 89' lang='lat' dir='ltr'><strong>imperito</strong></span> <span class='ocrx_word' id='word_1_210' title='bbox 807 2368 820 2404; x_wconf 84' lang='lat'>3</span> <span class='ocrx_word' id='word_1_211' title='bbox 851 2364 908 2395; x_wconf 89' lang='lat' dir='ltr'><strong>ac</strong></span> <span class='ocrx_word' id='word_1_212' title='bbox 929 2348 969 2394; x_wconf 91' lang='lat' dir='ltr'><strong>si</strong></span> <span class='ocrx_word' id='word_1_213' title='bbox 990 2348 1069 2395; x_wconf 88' lang='lat' dir='ltr'><strong>cui</strong></span> <span class='ocrx_word' id='word_1_214' title='bbox 1087 2349 1251 2395; x_wconf 83' lang='lat' dir='ltr'><strong>videor</strong></span> <span class='ocrx_word' id='word_1_215' title='bbox 1270 2364 1369 2395; x_wconf 90' lang='lat' dir='ltr'><strong>non</strong></span> <span class='ocrx_word' id='word_1_216' title='bbox 1388 2349 1565 2405; x_wconf 89' lang='lat' dir='ltr'><strong>iustus,</strong></span> <span class='ocrx_word' id='word_1_217' title='bbox 1585 2349 1747 2397; x_wconf 82' lang='lat' dir='ltr'><strong>inulto</strong></span> 
     </span>
     <span class='ocr_line' id='line_1_31' title="bbox 336 2420 1681 2483; baseline 0 -14"><span class='ocrx_word' id='word_1_218' title='bbox 336 2440 416 2483; x_wconf 88' lang='lat'><strong>190</strong></span> <span class='ocrx_word' id='word_1_219' title='bbox 438 2423 596 2471; x_wconf 83' lang='lat' dir='ltr'><strong>dicere</strong></span> <span class='ocrx_word' id='word_1_220' title='bbox 612 2423 740 2478; x_wconf 90' lang='lat' dir='ltr'><strong>quod</strong></span> <span class='ocrx_word' id='word_1_221' title='bbox 760 2422 911 2468; x_wconf 86' lang='lat' dir='ltr'><strong>sentit</strong></span> <span class='ocrx_word' id='word_1_222' title='bbox 931 2420 1196 2475; x_wconf 70' lang='lat' dir='ltr'><strong>permitto:</strong></span> <span class='ocrx_word' id='word_1_223' title='bbox 1258 2422 1473 2468; x_wconf 83' lang='lat' dir='ltr'><strong>Maxime</strong></span> <span class='ocrx_word' id='word_1_224' title='bbox 1492 2437 1681 2479; x_wconf 79' lang='lat' dir='ltr'><strong>regum,</strong></span> 
     </span>
     <span class='ocr_line' id='line_1_32' title="bbox 439 2492 1573 2549; baseline 0 -7"><span class='ocrx_word' id='word_1_225' title='bbox 439 2496 489 2542; x_wconf 91' lang='lat' dir='ltr'><strong>di</strong></span> <span class='ocrx_word' id='word_1_226' title='bbox 507 2496 600 2543; x_wconf 89' lang='lat' dir='ltr'><strong>tibi</strong></span> <span class='ocrx_word' id='word_1_227' title='bbox 619 2496 738 2543; x_wconf 89' lang='lat' dir='ltr'><strong>dent</strong></span> <span class='ocrx_word' id='word_1_228' title='bbox 759 2494 904 2549; x_wconf 80' lang='lat' dir='ltr'><strong>capta</strong></span> <span class='ocrx_word' id='word_1_229' title='bbox 924 2492 1128 2541; x_wconf 84' lang='lat' dir='ltr'><strong>classem</strong></span> <span class='ocrx_word' id='word_1_230' title='bbox 1147 2495 1377 2542; x_wconf 86' lang='lat' dir='ltr'><strong>reducere</strong></span> <span class='ocrx_word' id='word_1_231' title='bbox 1399 2494 1573 2542; x_wconf 69' lang='lat' dir='ltr'><strong>Troia!</strong></span> 
     </span>
     <span class='ocr_line' id='line_1_33' title="bbox 533 2567 675 2615; baseline 0 -9"><span class='ocrx_word' id='word_1_232' title='bbox 533 2568 552 2615; x_wconf 89' lang='lat'>[</span> <span class='ocrx_word' id='word_1_233' title='bbox 569 2580 640 2606; x_wconf 81' lang='lat'><strong>212</strong></span> <span class='ocrx_word' id='word_1_234' title='bbox 658 2567 675 2613; x_wconf 91' lang='grc'>]</span> 
     </span>
    </p>
   </div>
   <div class='ocr_carea' id='block_1_3' title="bbox 2099 863 2102 2148">
    <p class='ocr_par' dir='ltr' id='par_1_3' title="bbox 2099 863 2102 2148">
     <span class='ocr_line' id='line_1_34' title="bbox 2099 863 2102 2148; baseline 0 0"><span class='ocrx_word' id='word_1_235' title='bbox 2099 863 2102 2148; x_wconf 95' lang='lat' dir='ltr'><strong> </strong></span> 
     </span>
    </p>
   </div>
  </div>
 </body>
</html>
