2109 2975
713 206 1126 248 EPISTULARUM
1161 208 1195 247 Ι.
1222 216 1255 247 11

966 390 1021 437 II

308 514 557 563 ΤΒΟῙΑΝΙ
577 514 692 563 belli
705 515 1006 572 scriptorem,
1028 513 1244 562 Maxime
1264 514 1407 572 Lolli,

308 590 425 637 dum
445 592 504 637 tu
522 589 763 637 declamas
783 588 967 636 Romae
986 588 1250 636 Praeneste
1270 587 1448 646 relegi3

310 663 393 719 qui
416 663 531 720 quid
554 663 617 710 sit
635 662 912 720 pulchrum,
934 661 1050 718 quid
1071 664 1233 719 turpe,
1254 661 1370 718 quid
1388 661 1526 720 utile,
1551 661 1666 718 quid

422 751 536 795 non,
1152 765 1159 768 -

310 810 502 867 planius
522 824 579 858 ac
599 809 772 858 melius
794 809 1067 866 Chrysippo
1085 810 1136 856 et
1156 808 1397 857 Crantore
1416 807 1550 856 dicit.

258 889 285 934 5
311 884 412 932 Cur
429 883 503 931 ita
521 883 806 932 crediderim
824 882 919 930 nisi
938 882 1054 939 quid
1074 883 1125 929 te
1144 881 1344 929 distinet
1364 881 1495 929 audi.

308 955 515 1013 Fabula,
537 972 633 1012 qua
652 956 842 1004 Paridis
862 958 1066 1012 propter
1084 956 1319 1001 narratur
1337 969 1551 1002 amorem

309 1029 515 1078 Graecia
531 1029 798 1088 Bai-bariae
816 1028 953 1077 lento
973 1028 1139 1076 collisa
1159 1026 1335 1084 duello,

309 1099 573 1146 stultorum
591 1114 762 1156 regum
781 1100 832 1145 et
851 1098 1140 1155 populorum
1162 1097 1379 1146 continet
1398 1098 1579 1145 aestus.

307 1173 533 1222 Antenor
552 1175 713 1223 censet
732 1172 847 1221 belli
866 1172 1141 1229 praecidere
1161 1186 1358 1219 causam
1381 1192 1392 1218 ι

229 1259 283 1289 10
309 1247 425 1304 quid
445 1247 617 1295 Paris?
674 1246 745 1295 Ut
767 1246 929 1294 salvus
950 1248 1126 1304 regnet
1146 1245 1376 1301 vivatque
1395 1245 1568 1292 beatus

309 1321 416 1378 cogi
435 1335 573 1377 posse
593 1322 757 1378 negat.
817 1320 998 1367 Nestor
1018 1333 1302 1374 componere
1319 1318 1429 1365 lites

308 1395 437 1441 inter
456 1394 655 1441 Peliden
675 1393 879 1440 festinat
899 1394 949 1439 et
968 1392 1099 1439 inter
1118 1392 1354 1447 Atriden;

309 1469 438 1517 hunc
458 1483 611 1527 amor,
625 1466 699 1516 ira
717 1466 910 1524 quidem
930 1464 1251 1515 communiter
1269 1465 1371 1513 urit
1386 1464 1663 1520 utrumque.

311 1542 547 1600 Quicquid
567 1541 775 1590 delirant
793 1556 932 1598 reges
953 1540 1238 1597 plectuntur
1255 1538 1448 1587 Achivi.

230 1620 283 1665 ¹5
311 1615 572 1675 seditione,
594 1614 731 1673 dolis,
754 1614 931 1662 scelere
951 1615 1098 1670 atque
1116 1611 1312 1660 libidine
1332 1613 1383 1658 et
1401 1612 1478 1658 ira.

311 1689 485 1737 Iliacos
503 1688 637 1736 intra
655 1702 819 1736 muros
839 1689 1072 1744 peccatur
1092 1689 1142 1734 et
1166 1687 1322 1734 extra.

309 1762 500 1809 Rursus
519 1762 635 1818 quid
652 1761 808 1808 virtus
828 1764 877 1808 et
897 1760 1012 1818 qnid
1033 1759 1273 1816 sapientia
1290 1758 1441 1816 possit

311 1835 431 1883 utile
452 1834 701 1891 proposuit
726 1834 867 1882 nobis
887 1833 1139 1890 exemplar
1158 1833 1353 1889 Ulixen,

311 1908 394 1964 qui
414 1907 623 1955 domitor
641 1907 815 1956 Troiae
834 1907 1102 1955 multorum
1120 1905 1350 1966 proyidus
1369 1904 1514 1952 urbes

228 1993 285 2023 20
311 1983 362 2029 et
381 1995 538 2028 mores
556 1979 806 2037 hominum
825 1980 1054 2037 inspexit,
1075 1979 1324 2035 latumque
1343 1992 1430 2034 per
1446 1992 1644 2033 aequor,

313 2054 427 2101 dum
449 2053 554 2111 sibi,
576 2053 693 2101 dum
712 2053 850 2102 sociis
869 2051 1083 2100 reditum
1102 2053 1264 2108 parat,
1284 2064 1461 2107 aspera.
1479 2048 1638 2096 multa

312 2127 532 2186 pertulit,
553 2128 770 2175 adversis
787 2140 954 2175 rerum
973 2125 1313 2173 immersabilis
1332 2123 1492 2172 undis.
1574 2137 1581 2142 ·

315 2201 536 2248 Sirenum
553 2215 696 2255 ,voces
714 2202 766 2249 et
782 2201 949 2248 Circae
976 2198 1155 2256 pocula
1169 2199 1297 2246 nosti
1313 2217 1325 2255 ς

313 2290 436 2330 quae
457 2274 626 2322 sicum
649 2273 785 2322 sociis
806 2273 987 2320 stultus
1006 2272 1303 2328 cupidusque
1323 2270 1536 2328 bibisset,

230 2363 257 2394 2
261 2359 286 2405 5
313 2347 403 2395 sub
424 2347 616 2395 domina.
635 2347 888 2395 meretrice
909 2346 1082 2392 suisset
1101 2345 1258 2401 turpis
1277 2347 1329 2393 et
1348 2360 1531 2401 excors,

313 2420 511 2468 vixisset
531 2420 663 2468 canis
679 2419 957 2466 immundus
977 2418 1053 2466 vel
1076 2417 1232 2464 amica
1251 2415 1357 2464 luto
1377 2432 1474 2465 sus.

552 2522 573 2554 4
613 2517 768 2561 plenius
1213 2519 1232 2549 5
1273 2515 1427 2550 detinet

411 2569 551 2625 [241]
