2109 2975
1032 209 1253 251 HORATI

469 321 565 354 non
586 323 680 364 quo
697 305 937 355 fraudatis
957 306 1237 356 immundus
1255 309 1416 356 Natta.
1433 307 1661 357 lucernis.

366 386 444 432 125
468 382 563 428 Ast
582 381 665 428 ubi
684 397 760 429 me
779 381 960 429 fessum
977 382 1048 430 sol
1068 383 1229 430 aerior
1247 382 1317 430 ire
1337 382 1558 431 lavatum

468 454 719 501 admonuit
737 455 873 511 fugio
893 455 1132 511 campum
1151 454 1406 512 lusumque
1425 455 1684 513 trigonem.

466 527 681 574 Pransus
699 542 795 575 non
816 527 971 586 avide,
993 530 1232 585 quantum
1252 528 1530 585 interpellet
1548 528 1683 575 inani

465 602 635 647 ventre
655 600 778 647 diem
799 600 992 658 durare,
1013 602 1306 650 domesticus
1325 602 1467 649 otior.
1524 602 1663 649 Haeo
1684 603 1760 649 est

464 674 569 720 vita
588 673 853 721 solutorum
873 674 1050 723 misera
1069 674 1331 722 ambitione
1350 675 1583 732 gravique
1601 694 1615 731 ς

362 757 443 800 130
464 746 539 794 his
559 762 635 794 me
655 748 874 796 consolor
891 747 1136 796 victurum
1157 747 1352 795 suavius
1374 764 1430 796 ae
1450 748 1490 794 si

465 822 691 876 quaestor
704 836 823 868 avus
843 823 987 877 pater
1001 823 1150 878 atoue
1158 836 1294 869 meus
1309 823 1613 879 patruusque
1621 820 1812 870 fuisset.

1084 1052 1189 1100 VH

459 1168 803 1217 PROSCRIPTI
823 1169 973 1225 Regis
992 1168 1163 1225 Rupili
1181 1184 1272 1225 pus
1292 1170 1439 1226 afflue
1459 1183 1698 1216 venenum

458 1240 668 1297 hybrida,
684 1255 780 1297 quo
798 1243 941 1297 paeto
962 1240 1026 1288 sit
1047 1241 1245 1288 Persius
1264 1241 1415 1298 ultus,
1436 1240 1606 1298 opinor

460 1313 682 1362 omnibus
700 1315 751 1362 et
773 1314 919 1371 lippis
938 1316 1112 1362 notum
1131 1315 1182 1362 et
1200 1315 1475 1363 tonsoribus
1494 1330 1613 1363 esse.

460 1387 656 1435 Persius
675 1387 753 1436 hie
771 1404 1036 1446 permagna
1052 1389 1252 1446 negotia
1270 1388 1403 1436 dives
1422 1387 1634 1436 habebat

407 1471 436 1520 5
460 1460 775 1521 Clazomenis,
795 1462 945 1510 etiam
963 1462 1076 1510 lites
1097 1477 1207 1510 cum
1226 1463 1360 1519 Rege
1380 1461 1623 1518 molestas,

457 1535 608 1583 durus
627 1536 770 1585 homo
788 1538 935 1594 atque
953 1536 1063 1584 odio
1081 1536 1166 1593 qui
1184 1537 1343 1593 posset
1362 1534 1554 1583 vincere
1573 1535 1777 1592 Regem,

457 1610 716 1667 confidens,
736 1609 970 1666 tumidus,
991 1609 1112 1656 adeo
1131 1608 1364 1657 sermonis
1383 1607 1554 1664 amari,

459 1681 702 1738 Sisennas,
722 1683 905 1728 Barros
922 1683 981 1728 ut
1001 1681 1136 1738 equis
1156 1682 1494 1738 praecurreret
1513 1681 1653 1729 albis.

457 1755 538 1803 Ad
557 1756 741 1812 Regem
760 1755 918 1803 redeo.
965 1754 1233 1813 Postqu
1252 1756 1373 1803 nihil
1396 1756 1526 1803 inter
1541 1757 1807 1811 utrumque

381 1844 436 1874 ιο
458 1829 699 1886 convenit,
721 1828 828 1886 (hoe
847 1829 1028 1877 etenim
1048 1831 1164 1877 sunt
1184 1845 1349 1877 omnes
1367 1830 1473 1878 iure
1492 1830 1685 1878 molesti

455 1916 551 1957 quo
568 1901 721 1949 fortes
740 1900 914 1957 quibus
933 1901 1191 1948 adversum
1211 1900 1393 1948 bellum
1412 1900 1612 1959 incidit3
1643 1901 1775 1949 inter

454 1974 672 2021 Hectora
683 1972 961 2021 Priamiden
973 1973 1244 2022 animosum
1257 1975 1404 2030 atque
1419 1974 1550 2023 inter
1562 1973 1804 2022 Achillem

450 2045 527 2093 ira.
544 2046 641 2093 fuit
661 2046 882 2103 capitalis
899 2048 958 2093 ut
976 2046 1156 2094 ultima.
1172 2045 1412 2094 divideret
1431 2062 1577 2105 mom,

451 2136 549 2168 non
568 2120 714 2167 aliam
732 2119 793 2167 ob
813 2135 1009 2166 oausam
1027 2120 1123 2167 nisi
1142 2119 1271 2176 quod
1290 2119 1449 2166 virtus
1468 2119 1521 2166 in
1540 2121 1748 2176 utroque

375 2206 428 2252 15
452 2209 642 2241 summa.
660 2193 786 2241 fuit:
814 2194 910 2241 duo
931 2192 972 2240 si
991 2192 1232 2241 discordia
1250 2194 1394 2240 vexet
1412 2192 1613 2249 inertes,

450 2269 539 2315 aut
560 2267 600 2314 si
619 2266 889 2323 disparibus
907 2266 1090 2313 bellum
1109 2265 1311 2322 ineidat,
1332 2266 1389 2312 ut
1410 2265 1635 2312 Diomedi

450 2357 561 2389 cum
583 2340 730 2398 Lycio
749 2340 951 2396 Glauco,
973 2338 1190 2386 discedat
1210 2337 1393 2395 pigrior
1410 2338 1545 2386 ultro

452 2415 730 2464 muneribus
752 2412 926 2468 missis)
946 2413 1107 2458 Bruto
1135 2414 1360 2468 praetore
1379 2413 1578 2461 tenente

849 2514 907 2545 128
947 2508 1092 2545 rabiosi
1107 2509 1282 2552 tempora
1298 2509 1402 2551 signi

547 2573 564 2619 [
583 2574 652 2611 188
669 2570 684 2617 ]
