2109 2975
730 193 1069 235 SATIRARUM
1103 195 1160 234 II.
1188 204 1250 234 vn

312 290 370 336 ut
389 288 737 348 vitalepussesss
787 290 921 350 Age,
942 292 1173 342 libertate
1194 293 1468 352 Decembri,

260 382 287 428 5
312 363 504 419 quando
522 363 595 411 ita
611 364 819 413 maiores
838 366 1118 423 voluerunt,
1138 369 1278 415 utere
1298 387 1310 425 ς
1342 383 1508 416 narra.

313 436 324 457 ‘
342 436 467 485 Pars
487 437 737 486 hominum
755 438 886 487 vitiis
905 439 1088 497 gaudet
1108 443 1391 494 constanter,
1409 443 1460 490 et
1478 444 1622 499 urget

309 511 612 568 propositum
624 530 636 568 3
667 527 782 568 pars
810 513 969 561 multa
994 513 1155 571 natat,
1177 514 1317 562 modo
1343 517 1480 563 recta
1506 531 1668 572 capes-

422 599 548 642 sene,

308 656 555 706 interdum
576 658 738 716 pravis
758 660 979 709 obnoxia.
1042 660 1196 717 Saepe
1214 664 1413 710 notatus

308 746 419 780 cum
439 732 600 780 tribus
618 733 805 791 anellis,
827 734 968 781 modo
986 733 1128 784 laeva
1147 734 1342 784 Priscus
1361 735 1513 790 inani,

230 823 282 854 10
306 804 430 852 vixit
448 805 733 863 inaequalis,
755 806 948 855 clavum
969 809 1027 854 ut
1049 809 1268 855 mutaret
1287 807 1337 854 in
1360 808 1521 865 horas,

306 878 505 926 aedibus
523 894 585 926 ex
605 881 793 937 magnis
815 880 975 928 subito
994 893 1046 928 se
1067 880 1309 936 conderet,
1340 881 1468 928 unde

307 952 531 1000 mundior
550 953 704 1001 exiret
724 954 806 1000 vix
825 953 1082 1000 libertinus
1102 953 1326 1011 honeste3

305 1024 402 1072 iam
425 1026 651 1074 moechus
672 1026 875 1084 Romae,
896 1027 993 1074 iam
1014 1026 1185 1074 mallet
1205 1027 1378 1075 doctus
1399 1029 1605 1075 Athenis

303 1098 483 1156 vivere,
506 1100 807 1157 Vertumnis,
829 1101 1070 1158 quotqth
1088 1102 1221 1157 sunt,
1243 1102 1391 1147 natus
1411 1100 1602 1156 iniquis.

227 1185 280 1233 15
307 1170 488 1220 Scurra
508 1173 812 1230 Volanerius,
833 1175 1092 1230 postquam
1111 1173 1182 1221 illi
1202 1173 1333 1221 iusta
1352 1173 1589 1232 cheragra

306 1246 528 1293 contudit
548 1246 797 1303 articulo&
818 1246 901 1303 qui
921 1262 1010 1303 pro
1031 1262 1082 1295 se
1101 1246 1296 1295 tolleret
1316 1249 1463 1304 atque

304 1319 523 1366 mitteret
541 1319 595 1366 in
614 1320 834 1376 phimum
854 1319 999 1376 talos,
1023 1321 1242 1367 mercede
1263 1320 1438 1368 diurna

304 1391 597 1440 conductum
618 1393 754 1449 pavit
774 1411 786 1449 ;
816 1394 1002 1448 quanto
1022 1394 1322 1441 constantior
1342 1393 1492 1441 isdem

303 1463 355 1512 in
375 1464 523 1523 vitiis»,
545 1466 687 1514 tanto
706 1464 859 1514 levius
881 1465 1027 1513 miser
1047 1481 1106 1514 ac
1126 1466 1259 1523 prior
1276 1466 1377 1526 illo,

224 1557 281 1587 20
303 1538 385 1593 qui
404 1538 502 1586 iam
523 1540 770 1597 contento,
792 1540 890 1586 iam
912 1539 1023 1587 laxo
1043 1540 1162 1588 fune
1182 1540 1406 1588 laborat)

303 1610 417 1658 Non
439 1610 567 1659 dices
579 1610 736 1670 hodie,
751 1626 981 1669 quorsum
995 1610 1115 1660 haec
1129 1613 1233 1659 tam
1249 1612 1421 1677 putida
1435 1615 1660 1673 tendant,

301 1682 538 1732 furcifer?
601 1684 613 1706 ‘
629 1685 709 1733 Ad
728 1687 795 1743 te,
817 1685 1052 1742 inquam?
1115 1685 1222 1742 Quo
1241 1687 1401 1744 pacto,
1422 1688 1662 1744 pessime?

416 1757 429 1778 ‘
444 1758 639 1813 Laudas

302 1831 553 1878 fortunam
572 1833 623 1879 et
643 1847 800 1881 mores
820 1832 1053 1890 antiquae
1074 1833 1244 1891 plebis,
1265 1836 1316 1881 et
1335 1834 1461 1882 idem

303 1903 344 1950 si
364 1904 471 1960 quis
489 1905 553 1953 ad
571 1904 657 1952 illa
676 1904 793 1954 deus
815 1906 976 1953 subito
994 1908 1044 1953 te
1065 1908 1185 1962 agat
1204 1922 1354 1963 usque
1373 1922 1582 1966 recuseS,

221 1989 277 2036 25
302 1978 390 2024 aut
411 1978 525 2034 quia
543 1993 639 2026 non
660 1979 813 2027 sentis
832 1980 961 2036 quod
981 1979 1164 2029 clamas
1184 1980 1363 2028 rectius
1384 1996 1503 2041 esse,

301 2053 390 2098 aut
409 2052 522 2107 quia
540 2068 637 2099 non
657 2052 827 2100 firmus
846 2054 1037 2101 rectum
1057 2053 1290 2111 defendis,
1313 2056 1362 2101 et
1381 2055 1550 2102 haeres

300 2125 588 2181 nequiquam
611 2141 759 2174 caeno
781 2126 979 2182 cupiens
999 2126 1204 2175 evellere
1223 2127 1460 2183 plantam.

299 2199 485 2246 Romae
505 2215 589 2246 rus
609 2201 765 2257 optas,
788 2199 1036 2248 absentem
1057 2200 1270 2247 rusticus
1290 2200 1459 2248 urbem

299 2271 430 2318 tollis
450 2272 513 2319 ad
531 2274 667 2337 astra
687 2272 821 2320 levis.
884 2273 936 2321 Si
955 2284 1196 2329 nusquam
1218 2289 1268 2320 es
1289 2274 1418 2322 forte
1438 2278 1638 2323 vocatus

218 2355 274 2398 30
298 2344 361 2391 ad
381 2360 550 2392 cenam
571 2345 742 2392 laudas
763 2360 988 2395 securum
1008 2345 1117 2394 olus
1138 2362 1212 2403 ac,
1237 2346 1373 2394 velut
1394 2363 1598 2404 usquam

298 2417 496 2475 vinctus
511 2435 611 2477 eae,
632 2419 703 2467 ita
721 2421 772 2467 te
793 2420 983 2468 felicem
1004 2420 1125 2468 dicis
1145 2435 1374 2476 amasque

873 2514 912 2546 13
953 2511 1088 2547 doctor

394 2568 410 2615 [
431 2581 504 2618 229
523 2569 538 2615 J
