2109 2975
242 527 298 559 10

244 894 295 940 15

244 2110 298 2141 10

693 193 1009 237 mmmmm
1044 197 1078 237 Ι.
1106 205 1297 236 xvm-xx

515 296 616 343 urit
634 297 780 353 grata
798 295 1095 352 protervitas

458 371 509 417 et
528 370 692 417 vultus
712 370 914 417 nimium
934 369 1151 416 lubricus
1171 368 1337 425 aspici.

514 443 575 489 In
595 458 670 490 me
689 445 798 491 tota
815 455 963 491 ruens
982 442 1150 490 Venus

461 517 674 573 Cyprum
693 516 924 573 deseruit,
944 531 1033 564 nec
1053 516 1243 572 patitur
1263 516 1470 572 Scythas

517 592 567 637 et
586 589 737 637 versis
757 590 1028 637 animosum
1048 589 1183 645 equis

461 663 698 709 Parthum
720 662 880 711 dicere
899 677 988 709 nec
1018 677 1141 718 quae
1161 663 1281 710 nihil
1302 662 1528 712 attinent.

514 736 611 783 Hic
631 735 794 783 vivum
815 735 933 783 mihi
953 736 1230 794 caespitem,
1252 736 1330 783 hic

458 808 709 866 verbenaS,
730 809 885 867 pueri,
908 809 1076 865 ponite
1097 810 1304 865 turaque

513 881 630 929 bimi
650 896 759 928 cum
780 883 954 938 patera
974 882 1123 929 meri:

462 956 678 1003 mactata
697 955 858 1004 veniet
879 954 1034 1004 lenior
1053 955 1229 1005 hostia.

956 1217 1051 1264 XX

493 1333 635 1381 Vm
657 1333 847 1390 potabis
868 1332 1067 1380 modicis
1090 1332 1321 1380 Sabinum

490 1405 755 1463 cantharis,
779 1406 965 1454 Graeca
985 1406 1112 1461 quod
1131 1421 1222 1461 ego
1241 1406 1343 1462 ipse
1362 1407 1493 1454 testa

491 1479 737 1528 conditum
757 1478 869 1537 levi,
891 1479 1037 1527 datus
1060 1479 1110 1527 in
1130 1479 1326 1527 theatro

603 1570 713 1601 cum
732 1553 823 1601 tibi
842 1553 1060 1611 plausus,

493 1693 603 1725 care
623 1678 879 1725 Maecenas
900 1693 1061 1735 eques,
1083 1680 1141 1725 ut
1162 1678 1354 1734 paterni

491 1751 702 1826 fluminis
722 1751 855 1807 ripae
876 1750 1019 1798 simul
1039 1753 1090 1798 et
1109 1751 1269 1799 iocosa

489 1824 713 1871 redderet
731 1824 898 1871 laudes
917 1823 1007 1871 tibi
1027 1824 1257 1871 Vaticani

602 1898 778 1945 montis
799 1897 973 1954 imago.

489 2021 764 2068 Caecubum
784 2023 836 2068 et
856 2020 991 2077 prelo
1009 2021 1245 2067 domitam
1267 2022 1449 2069 Caleno

487 2097 545 2141 tu
564 2095 695 2141 bibes
715 2110 888 2141 uvam:
918 2109 1026 2140 mea
1045 2109 1135 2141 nec
1156 2094 1394 2142 Falernae

488 2164 762 2218 temperant
781 2163 905 2210 vites
925 2177 1079 2218 neque
1100 2163 1347 2211 Formiani

600 2231 771 2287 pocula
791 2231 950 2279 colles.

419 2572 536 2622 [29]
