2109 2975
998 189 1223 230 HORATI

433 302 555 344 quae
575 302 720 344 super
739 288 813 335 est
835 287 991 335 Caudi
1011 302 1271 343 cauponas.
1332 285 1477 332 Nune
1493 283 1612 331 mihi
1624 282 1793 340 paucis

434 360 680 408 Sarmenti
699 376 894 408 scurrae
914 376 1129 419 pugnam
1149 359 1392 414 Messique
1413 357 1601 414 Cicirri,

433 434 594 490 Musa,
616 433 760 480 velim
780 448 1028 491 memores,
1049 434 1101 480 et
1121 447 1213 487 quo
1233 433 1373 487 patre
1393 433 1541 478 natus
1561 431 1764 487 uterque

435 507 697 555 contulerit
714 507 843 555 lites.
905 506 1056 554 Messi
1076 506 1263 553 clarum
1284 520 1437 560 genus
1459 503 1601 560 Osci3

357 587 410 633 55
436 579 681 627 Sarmenti
700 579 894 626 domina
912 580 1073 626 exstat
1092 599 1102 626 :
1134 578 1195 625 ab
1215 578 1290 625 his
1311 576 1570 624 maioribus
1591 576 1687 623 orti

432 653 495 700 ad
515 669 727 709 pugnam
755 668 944 700 venere.
1007 652 1147 699 Prior
1169 652 1456 698 Sarmentus
1477 670 1488 696 ε
1519 649 1530 671 ‘
1548 649 1678 706 Equi
1695 651 1747 697 te

433 741 536 773 esse
556 725 650 772 feri
668 726 871 773 similem
891 726 1030 774 dico.'
1092 725 1341 781 Ridemus,
1361 724 1411 770 et
1430 723 1533 778 ipse

434 798 640 845 Messius
663 799 675 819 ‘
693 798 926 855 Accipio‚'
950 798 1098 853 caput
1118 798 1169 844 et
1188 799 1366 844 movet.
1428 796 1440 817 ⁶
1460 796 1520 852 O,
1535 797 1623 841 tua
1640 809 1793 842 cornu

432 871 484 918 ni
504 871 632 920 foret
653 873 844 924 exsecto
862 872 1033 927 frons‚'
1057 870 1231 926 inquit,
1256 870 1267 892 ‘
1283 870 1397 926 quid
1417 870 1619 924 faceres,
1641 883 1752 915 cum

353 948 413 990 60
433 944 501 992 sic
521 945 722 991 mutilus
743 944 1009 991 miniteris?
1023 944 1035 964 ’
1095 944 1168 991 At
1189 943 1260 990 illi
1279 943 1423 991 foeda
1440 941 1642 991 cicatrix

433 1020 672 1066 saetosam
692 1017 820 1066 laevi
837 1016 1053 1063 frontem
1072 1017 1363 1072 turpaverat
1383 1016 1497 1063 oris.

433 1091 735 1148 Campanum
755 1089 805 1136 in
826 1088 1067 1146 morbum,
1080 1088 1131 1134 in
1144 1088 1319 1136 faciem
1331 1087 1576 1145 permulta
1585 1087 1790 1143 iocatus,

431 1166 676 1219 pastorem
697 1163 903 1210 saltaret
921 1162 998 1209 uti
1018 1161 1231 1218 Cyclopa
1248 1161 1481 1219 rogabat:

431 1235 517 1282 Nil
535 1236 606 1282 illi
626 1235 765 1281 larva
784 1236 872 1281 aut
891 1233 1094 1290 tragicis
1115 1249 1235 1290 opus
1256 1249 1360 1281 esse
1380 1233 1647 1281 cothurnis.

352 1314 408 1368 65
432 1310 596 1357 Multa
617 1310 829 1357 Cicirrus
849 1309 913 1357 ad
943 1308 1091 1358 haec:
1122 1310 1365 1356 Donasset
1386 1309 1546 1357 iamne
1568 1309 1790 1356 catenam

432 1400 492 1431 ex
510 1386 624 1431 voto
643 1383 867 1441 Laribus,
888 1382 1153 1439 quaerebat
1172 1402 1186 1440 3
1215 1382 1375 1431 scriba
1392 1382 1520 1439 quod
1538 1383 1683 1438 esset,

431 1457 584 1505 nihilo
602 1456 814 1505 deterius
834 1456 1056 1505 dominae
1075 1456 1152 1503 ius
1172 1470 1292 1503 esse.
1353 1454 1581 1513 Rogabat
1661 1518 1664 1521 Ι

433 1531 636 1587 denique
658 1547 744 1578 cur
760 1546 989 1586 umquam
1009 1526 1237 1588 fugisset,
1258 1528 1337 1576 cui
1356 1529 1474 1576 satis
1494 1544 1596 1575 una

433 1604 577 1650 farris
598 1604 721 1651 libra
738 1604 882 1660 foret,
905 1603 1076 1658 gracili
1096 1603 1163 1649 sic
1182 1604 1379 1658 tamque
1397 1602 1588 1659 pusillo.

352 1689 409 1730 70
433 1676 640 1723 Prorsus
659 1676 869 1724 iucunde
892 1690 1063 1723 cenam
1083 1675 1393 1731 producimus
1411 1674 1563 1722 illam.

433 1750 696 1797 Tendimus
733 1749 848 1796 hinc
885 1750 1023 1796 recta
1054 1749 1423 1805 Beneventum3
1473 1748 1558 1796 ubi
1596 1748 1792 1796 sedulus

546 1822 722 1878 hospes

432 1912 584 1953 paene
604 1911 790 1944 macros
809 1896 932 1943 arsit
952 1896 1070 1944 dum
1089 1897 1259 1943 turdos
1277 1896 1443 1942 versat
1461 1894 1512 1941 in
1531 1894 1661 1950 igni:

431 1986 546 2017 nam
565 1985 692 2027 vaga
710 1984 796 2025 per
814 1972 1027 2017 veterem
1046 1969 1235 2025 dilapso
1252 1969 1449 2016 flamma
1468 1967 1678 2015 culinam

435 2043 654 2091 Vulcano
675 2059 917 2090 summum
935 2042 1230 2099 properabat
1248 2041 1458 2089 lambere
1477 2042 1679 2088 tectum.

353 2123 409 2169 75
434 2115 672 2163 Convivas
692 2114 855 2162 avidos
875 2131 1044 2163 cenam
1064 2129 1320 2171 servosque
1338 2114 1566 2161 timentes

431 2191 540 2236 tum
558 2204 746 2246 rapere,
768 2190 915 2245 atque
934 2203 1102 2236 omues
1120 2188 1424 2245 restinguere
1444 2186 1567 2233 velle
1586 2185 1789 2234 videres.

432 2262 611 2319 Incipit
631 2278 690 2310 ex
708 2262 792 2309 illo
811 2263 1000 2310 montes
1018 2261 1202 2318 Apulia.
1220 2263 1361 2308 notos

431 2338 679 2385 ostentare
699 2335 834 2391 mihi,
856 2350 974 2390 quos
993 2336 1153 2382 torret
1171 2333 1416 2381 Atabulus
1436 2335 1485 2380 et
1506 2348 1623 2388 quos

433 2424 681 2466 uunquam
701 2422 993 2463 erepsemus‚
1015 2406 1109 2453 nisi
1127 2422 1215 2453 nos
1234 2406 1394 2454 vicina
1413 2405 1592 2453 Trivici

356 2484 411 2526 80
435 2483 550 2529 villa
569 2481 843 2537 recepisset,
864 2478 1118 2529 lacrimoso
1135 2495 1233 2527 non
1254 2479 1355 2527 sine
1373 2479 1524 2536 fumo,

535 2556 552 2600 [
573 2556 641 2594 182
660 2554 676 2599 ]
