2109 2975
358 304 413 349 45

357 1041 410 1087 55

349 2134 406 2175 70

1002 195 1223 237 HORATI

496 289 818 349 claudensque
838 292 988 341 textis
1008 293 1224 342 cratibus
1245 293 1427 342 laetum
1448 309 1595 350 pecus

552 365 766 413 distenta
785 366 930 415 siccet
949 367 1115 424 ubera,

493 442 544 488 et
564 440 721 488 horna
739 441 870 490 dulci
888 442 1001 490 vina
1018 458 1244 500 promens
1264 442 1390 489 dolio

550 514 695 571 dapes
714 514 955 571 inemptas
976 518 1207 572 apparet:

492 603 591 635 non
610 602 686 634 me
708 587 919 636 Lucrina
936 588 1151 636 iuverint
1172 588 1426 645 conchylia

551 661 764 718 magisve
783 661 1013 709 rhombus
1032 664 1121 709 aut
1142 662 1283 718 scari,

493 735 534 782 si
554 750 672 791 quos
694 735 810 783 Eois
828 735 1054 783 intonata
1073 735 1302 783 fluctibus

547 807 731 865 hiemps
750 809 814 857 ad
831 808 922 857 hoc
939 811 1103 857 vertat
1122 825 1255 856 mare
1271 828 1284 866 3

492 898 589 929 non
608 881 737 929 Afra
754 882 858 929 avis
877 882 1138 931 descendat
1157 882 1207 929 in
1228 885 1448 930 ventrem
1468 896 1647 939 meum,
1703 923 1708 924 γ

548 968 645 1000 non
666 954 868 1009 attagen
887 951 1082 999 Ionicus

491 1025 762 1083 iucundior,
784 1041 930 1084 quam
951 1024 1083 1073 lecta
1100 1025 1159 1072 de
1179 1024 1507 1082 pinguissimis

549 1099 676 1146 oliva
695 1099 842 1146 ramis
863 1099 1091 1146 arborum

490 1174 578 1219 aut
598 1171 750 1220 herba
767 1171 956 1227 lapathi
974 1173 1121 1226 prata
1138 1170 1349 1218 amantis
1368 1172 1419 1219 et
1438 1168 1577 1227 gravi

546 1246 735 1293 malvae
754 1244 967 1293 salubres
986 1244 1192 1302 corpori,

490 1319 568 1367 vel
586 1335 716 1376 agna
733 1317 870 1366 festis
891 1333 1031 1366 caesa
1050 1317 1405 1366 Terminalibus

546 1391 624 1439 vel
642 1391 826 1439 haedus
845 1393 1041 1448 ereptus
1061 1390 1191 1447 lupo.

491 1467 598 1515 Has
618 1465 747 1515 inter
765 1464 931 1523 epulas
951 1467 1008 1513 ut
1027 1465 1165 1513 iuvat
1186 1465 1351 1521 pastas
1371 1478 1484 1513 oves

546 1540 710 1588 videre
730 1541 1046 1599 properantes
1067 1539 1279 1595 domum,

490 1613 652 1660 videre
671 1613 824 1660 fessos
844 1627 1089 1660 vomerem
1107 1611 1354 1660 inversum
1373 1611 1517 1659 boves

545 1686 668 1734 collo
687 1686 938 1734 trahentes
956 1685 1204 1742 languido,

489 1760 764 1817 positosque
782 1774 974 1816 vernas,
1003 1758 1118 1806 ditis
1138 1774 1343 1807 examen
1362 1758 1551 1813 domus,

547 1833 730 1881 circum
750 1832 1023 1883 renidentes
1043 1832 1223 1880 Lares!

490 1907 628 1954 Haec
647 1905 733 1953 ubi
750 1905 942 1954 locutus
960 1907 1242 1954 faenerator
1260 1904 1437 1961 Alfius,

541 1980 640 2027 iam
659 1979 756 2026 iam
775 1977 975 2026 futurus
994 1978 1224 2033 rusticuS,

487 2066 678 2101 omnem
697 2051 884 2109 redegit
904 2051 1073 2099 Idibus
1092 2049 1365 2107 pecuniam,

545 2126 734 2184 quaerit
754 2125 989 2174 Kalendis
1010 2139 1205 2181 ponere.

506 2569 670 2619 ,[14<.>]
