2109 2975
24 475 37 1693 r-affiav-ff—----———-———---..-...-‡.r
28 329 39 458 1-

746 196 1088 239 samm(
1125 196 1162 237 1.
1185 204 1236 235 ιιι

305 445 477 489 cetera
492 444 613 489 item
630 445 879 498 nequeunt
896 440 1066 488 stultis
1083 439 1354 496 lucrantia,
1375 453 1466 486 cur
1482 452 1582 485 non

305 516 601 571 ponderibus
619 515 920 571 modulisque
940 514 1043 561 suis
1059 514 1191 561 ratio
1208 512 1385 568 utitur,
1395 527 1454 560 ac
1472 527 1552 559 res

306 590 364 636 ut
382 603 597 644 quaeque
614 593 691 635 est
708 589 783 636 ita
799 587 1049 643 suppliciis
1067 586 1249 635 delicta
1263 588 1482 634 comet?

228 663 284 705 80
307 658 1547 717 Siquisemservumpafinamquitollereiussus

305 750 512 782 semesos
530 735 686 791 piso-s
702 734 1017 791 tepidumque
1034 733 1339 790 ligurrierit
1324 747 1402 780 ms

304 808 356 854 in
375 823 518 855 cruce
538 809 752 865 suffigat,
771 807 1026 855 Labeone
1011 807 1229 854 insanior
1245 806 1376 854 inter

304 896 448 927 sanos
467 881 679 928 dicatur.
737 881 935 937 Quanto
953 880 1044 928 hoc
1062 879 1292 927 furiosius
1311 881 1462 935 atque

304 953 461 999 maius
480 956 733 1009 peccatum
751 955 828 1000 est
847 956 859 1001 Ξ
889 953 1091 1009 paulum
1109 952 1314 1009 deliquit
1331 951 1533 1009 amicus,

224 1025 281 1079 85
303 1023 432 1079 quod
450 1022 543 1070 nisi
560 1023 793 1070 concedas
811 1022 1021 1071 habeare
1037 1022 1255 1069 insuavis
1271 1042 1285 1070 z
1315 1021 1518 1069 acerbus

303 1096 448 1143 odisti
466 1097 517 1144 et
536 1096 667 1152 fugis
686 1098 745 1143 ut
763 1097 1010 1143 Rusonem
1028 1094 1220 1143 debitor
1236 1094 1381 1151 aeria,

303 1170 388 1225 qui
405 1169 515 1226 nisi,
528 1183 646 1217 'cum
665 1170 833 1216 tristes
852 1170 1026 1217 misero
1043 1183 1219 1216 venere
1239 1168 1507 1224 Kalendae,

304 1244 575 1290 mercedem
594 1245 684 1291 aut
703 1257 926 1290 nummos
944 1242 1212 1290 undeunde
1226 1242 1454 1298 extricat,
1467 1256 1662 1289 amaras

304 1317 528 1372 porrecto
545 1316 711 1373 iugulo
731 1316 961 1363 historias
980 1315 1206 1372 captivus
1226 1317 1284 1362 ut
1303 1314 1457 1362 audit.

223 1405 282 1449 90
306 1389 601 1437 Comminxit
619 1390 800 1438 lectum
820 1392 967 1446 potus
984 1403 1211 1437 mensave
1230 1387 1450 1436 catillum

303 1463 521 1510 Evandri
539 1463 762 1512 manibus
781 1464 957 1512 tritum
976 1461 1164 1519 deiecit,
1184 1460 1246 1510 ob
1263 1460 1390 1510 hanc
1409 1474 1511 1509 rem

302 1538 391 1583 aut
411 1537 621 1592 positum
640 1540 755 1585 ante
773 1552 884 1584 mea
902 1536 1016 1593 quia
1033 1534 1223 1592 pullum
1243 1534 1295 1581 in
1315 1536 1454 1591 parte
1474 1534 1624 1582 catini

303 1611 505 1658 sustulit
524 1612 757 1668 esuriens,
778 1611 941 1658 minus
961 1610 1052 1658 hoc
1071 1608 1311 1657 iucundus
1338 1608 1522 1656 amicus

302 1684 367 1730 sit
386 1684 535 1732 mihi?
590 1685 718 1742 Quid
736 1685 915 1732 faciam
936 1684 977 1731 si
997 1684 1191 1731 furtum
1210 1681 1400 1739 fecerit,
1422 1683 1510 1730 aut
1530 1682 1572 1729 si

220 1772 277 1820 95
302 1758 568 1813 prodiderit
589 1758 843 1806 commissa
862 1758 955 1806 fide
976 1772 1266 1814 sponsumve
1286 1755 1512 1815 negarit?

304 1831 422 1887 Quis
441 1831 578 1887 paria
597 1846 699 1879 esse
720 1832 821 1878 fere
843 1831 1026 1887 placuit
1046 1832 1264 1887 peccata,
1285 1828 1510 1876 laborant

302 1920 411 1952 cum
450 1907 650 1952 ventum
704 1906 768 1953 ad
806 1920 977 1953 verum
1028 1905 1104 1952 est
1124 1923 1136 1961 ς
1189 1916 1357 1952 sensus
1410 1916 1660 1960 moresque

419 1978 698 2036 repugnant

303 2052 448 2106 atque
466 2051 572 2107 ipsa
590 2051 796 2109 utilitas,
817 2051 933 2098 iusti
954 2065 1102 2108 prope
1122 2051 1280 2098 mater
1299 2048 1350 2098 et
1370 2049 1524 2106 aequi.

305 2125 427 2171 Cum
447 2127 792 2181 prorepserunt
811 2125 979 2181 primis
996 2124 1228 2171 animalia
1246 2123 1408 2179 terris,

197 2214 279 2245 100
303 2200 494 2244 mutum
502 2201 553 2246 et
559 2200 705 2254 turpe
714 2213 876 2255 pecus,
887 2197 1113 2256 glandem
1124 2201 1268 2253 atque
1277 2197 1454 2245 cubilia
1461 2200 1662 2256 propter

302 2270 546 2326 unguibus
567 2272 618 2318 et
637 2271 830 2329 pugnis,
853 2271 963 2318 dein
982 2269 1211 2326 fustibus,
1233 2271 1380 2326 atque
1399 2271 1473 2319 ita
1490 2287 1633 2328 porro

302 2345 590 2403 pugnabant
609 2345 756 2393 armis
781 2360 904 2401 quae
924 2347 1032 2401 post
1052 2344 1380 2394 fabricaverat
1402 2360 1534 2403 usus,

302 2420 454 2467 donee
473 2418 623 2468 verba
641 2419 814 2476 quibus
834 2433 973 2467 voees
994 2433 1255 2475 sensusque
1272 2420 1503 2468 notarent

303 2493 590 2549 nominaque
608 2493 866 2549 invenere3
895 2492 1068 2541 dehinc
1089 2492 1319 2540 absistere
1339 2491 1482 2550 belle,

404 2567 420 2613 [
441 2580 511 2616 173
530 2568 546 2614 ]
