2109 2975
1000 196 1223 243 HORATI

432 299 533 350 Nos
554 316 784 349 numerus
805 314 971 348 sumus
990 303 1041 348 et
1062 300 1228 357 fruges
1249 313 1527 348 consumere
1546 298 1668 357 nati,

432 375 592 431 sponsi
611 374 898 431 Penelopae,
918 373 1200 431 nebulones,
1221 374 1502 430 Alcinoique

429 445 481 492 in
502 447 612 493 cute
631 443 848 492 curanda
866 443 975 508 plus
995 457 1147 507 aequo
1164 448 1365 499 operata
1382 443 1625 506 iuventuS,

353 532 409 575 30
433 518 510 565 cui
528 517 784 575 pulchrum
804 516 934 564 fuit
918 531 971 563 ιιι
990 517 1174 564 medios
1194 516 1404 563 dormire
1424 502 1524 564 dies
1539 516 1623 564 et

431 591 494 639 ad
514 590 773 646 strepitum
794 589 1010 638 citharae
1029 590 1272 637 cessatum
1292 588 1467 637 ducere
1486 605 1669 637 curam.

432 662 505 712 Ut
524 663 747 720 iugulent
764 662 1006 711 hominem
1026 663 1237 720 surgunt
1256 662 1314 710 de
1333 664 1475 710 nocte
1495 662 1740 710 latroneS.

431 739 489 786 ut
508 738 591 786 te
577 753 735 795 ipsum
755 752 913 806 serves
932 751 1029 805 non
1048 735 1424 804 expergisceris?
1480 736 1634 792 Atqui

432 812 473 859 si
491 810 624 859 noles
644 825 807 868 sanae,
830 825 995 858 curres
1014 809 1337 866 hydropicus,
1368 811 1418 856 et
1433 808 1494 855 ni

354 892 409 939 35
432 900 597 942 posces
617 886 732 932 ante
752 883 878 932 diem
897 883 1077 931 librum
1097 897 1208 931 cum
1228 882 1427 940 lumine,
1448 882 1490 930 si
1509 897 1608 930 non

429 958 650 1006 intendes
670 957 885 1005 animum
907 956 1083 1004 studiis
1099 958 1150 1005 et
1170 956 1316 1004 rebus
1335 955 1566 1013 honestis,

351 1091 356 1095 μ
431 1032 612 1079 invidia
630 1031 706 1078 vel
726 1045 889 1078 amore
908 1029 1027 1089 vigil
1046 1029 1348 1087 torquebere.
1407 1028 1537 1077 Nam
1558 1044 1646 1076 cur

432 1120 555 1161 quae
573 1105 774 1153 laedunt
794 1104 955 1151 oculos
973 1103 1180 1151 festinas
1199 1103 1408 1159 demere,
1430 1101 1472 1150 si
1489 1102 1604 1159 quid

433 1181 508 1226 est
527 1178 759 1240 animum,
781 1176 948 1224 differs
969 1175 1171 1223 curandi
1187 1178 1382 1233 tempus
1401 1175 1453 1223 in
1472 1178 1688 1222 annum?

354 1266 413 1307 40
437 1251 703 1298 Dimidium
722 1249 844 1297 facti
864 1248 948 1306 qui
968 1249 1127 1305 coepit
1142 1248 1296 1297 habet
1316 1268 1328 1306 ς
1358 1264 1525 1306 sapere
1545 1249 1669 1295 aude
1689 1268 1701 1306 ;

432 1325 605 1381 incipe.
663 1323 756 1381 Qui
774 1325 907 1372 recte
925 1322 1120 1371 vivendi
1139 1324 1370 1381 prorogat
1389 1322 1559 1371 horam

433 1398 645 1446 rusticus
664 1399 915 1453 exspectat
935 1396 1050 1444 dum
1072 1395 1254 1444 defluat
1274 1395 1430 1443 amnis
1450 1414 1462 1452 3
1493 1397 1547 1443 at
1566 1395 1647 1443 ille

433 1471 618 1520 labitur
635 1472 685 1519 et
703 1470 898 1519 labetur
915 1469 967 1518 in
988 1484 1131 1518 omne
1150 1468 1373 1517 volubilis
1393 1484 1583 1518 aevum.

436 1544 700 1604 Quaeritur
718 1546 975 1603 argentum
995 1543 1251 1601 puerisque
1269 1543 1416 1607 beata
1433 1543 1654 1590 creandis

355 1630 412 1677 45
435 1633 573 1676 uxor,
594 1619 645 1666 et
665 1618 876 1666 incultae
896 1620 1143 1675 pacantur
1158 1631 1352 1664 vomere
1372 1616 1548 1664 silvae:

435 1692 561 1748 quod
581 1690 699 1738 satis
719 1693 794 1738 est
814 1690 892 1738 cui
912 1690 1151 1747 contingit
1169 1689 1290 1737 nihil
1310 1689 1516 1746 amplius
1535 1691 1690 1745 optet.

435 1766 546 1812 Non
567 1763 735 1811 domus
755 1765 805 1811 et
823 1762 1023 1821 fundus,
1044 1777 1141 1810 non
1161 1761 1283 1810 aeris
1303 1777 1504 1810 acervus
1525 1764 1576 1809 et
1597 1762 1705 1808 auri

435 1838 632 1896 aegroto
651 1836 831 1884 domini
850 1836 1050 1884 deduxit
1071 1849 1268 1893 corpore
1287 1834 1464 1892 febreS,

436 1926 533 1958 non
552 1909 714 1957 animo
732 1924 891 1958 curas.
950 1908 1130 1957 Valeat
1150 1922 1397 1966 possessor
1415 1910 1625 1965 oportet,

361 1995 416 2042 50
438 1981 479 2028 si
497 1979 809 2038 comportatis
830 1979 975 2027 rebus
993 1979 1116 2026 bene
1135 1978 1319 2035 cogitat
1338 1978 1430 2026 uti.

438 2051 532 2111 Qui
550 2051 686 2110 cupit
705 2053 794 2099 aut
813 2051 1005 2109 metuit,
1026 2051 1167 2099 iuvat
1186 2050 1323 2098 illum
1344 2052 1412 2099 sic
1431 2051 1601 2098 domus
1622 2053 1672 2098 et
1691 2067 1770 2099 res

436 2128 495 2174 nt
513 2124 697 2184 lippum
718 2125 878 2182 pictae
896 2123 1113 2183 tabulae,
1134 2123 1355 2172 fomenta
1373 2125 1655 2182 podagram,

438 2198 688 2265 auriculas·
700 2197 917 2246 citharae
936 2197 1140 2246 collecta
1157 2197 1295 2245 sorde
1314 2196 1548 2246 dolentes.

439 2274 690 2323 Sincerum
702 2273 776 2320 est
789 2272 883 2319 nisi
894 2285 999 2329 vas,
1013 2271 1349 2327 quodcumque
1361 2270 1578 2318 infundis
1594 2272 1789 2319 acescit.

360 2362 414 2410 55
440 2348 622 2406 Sperne
641 2345 918 2403 voluptates
938 2365 950 2392 z
976 2346 1120 2392 nocet
1139 2345 1306 2401 empta
1323 2343 1484 2392 dolore
1503 2343 1744 2401 voluptas,

440 2422 639 2478 Semper
658 2433 836 2468 avarus
855 2420 995 2476 eget:
1024 2418 1213 2465 certum
1233 2419 1346 2465 voto
1365 2419 1475 2474 pete
1495 2418 1656 2464 finem.

912 2519 949 2550 31
993 2515 1134 2551 ducere
1151 2524 1334 2551 somnum

536 2577 552 2622 [
571 2589 642 2623 242
661 2577 677 2622 l
