2109 2975
729 206 1067 250 SATIR'ARUM
1102 209 1158 250 11.
1185 218 1235 249 111

306 306 441 362 Ergo
461 306 711 354 consulere
732 309 781 353 et
803 322 914 354 mox
932 304 1434 362 responderelicebit?

308 376 319 396 ‘
340 375 585 423 Consule?
646 375 749 423 Cur
768 376 913 433 Aiax,
936 376 1079 424 heros
1099 377 1161 423 ab
1180 376 1371 424 Achille
1390 374 1647 430 secundus,

306 449 516 505 putescit
535 448 677 496 toties
699 449 905 496 servatis
924 449 1086 497 clarus
1106 449 1320 507 Achivis,

202 531 283 577 195
305 522 522 578 gaudeat
542 523 600 568 ut
620 523 827 577 populus
848 522 1033 569 Priami
1044 523 1368 579 Priamusque
1386 523 1657 578 inhumato,

307 610 395 650 per
414 609 558 651 quem
577 596 656 642 tot
674 595 873 643 iuvenes
892 595 1056 652 patrio
1076 611 1275 644 caruere
1297 596 1547 652 sepulcro?

308 669 319 689 ⁶
337 668 474 715 Mille
494 668 655 716 ovium
677 669 877 716 insanus
898 670 1045 717 morti
1065 669 1215 727 dedit,
1235 669 1459 717 inclitum
1480 669 1659 717 Ulixen

307 744 358 789 et
378 742 662 789 Menelaum
681 758 782 789 una
801 758 990 790 mecum
1011 758 1062 791 se
1083 744 1299 791 occidere
1320 742 1570 792 clamans?

308 816 385 862 Tu
405 831 515 864 cum
536 831 625 871 pro
643 816 801 863 vitula
820 816 997 863 statuis
1016 816 1207 864 dulcem
1227 816 1403 864 Aulide
1422 818 1591 863 natam

199 904 286 933 200
309 892 424 937 ante
445 905 553 937 aras
574 890 855 946 spargisque
875 889 1005 936 mola
1024 891 1190 946 caput,
1212 890 1445 946 improbe,
1468 890 1611 946 salsa,

306 964 495 1011 rectum
509 962 656 1010 animi
673 976 837 1010 servas
851 965 872 1009 i>
930 962 941 983 ‘
959 963 1232 1019 Quorsum?
1249 962 1261 986 ²
1323 961 1533 1010 Insanus
1545 962 1660 1019 quid

420 1036 549 1083 enim
568 1036 696 1082 Aiax

307 1109 425 1156 fecit
447 1124 555 1156 eum
578 1108 753 1154 stravit
772 1108 904 1155 ferro
923 1111 1102 1164 pecus?
1158 1108 1411 1156 Abstinuit
1430 1110 1528 1156 vim

308 1197 458 1229 uxore
478 1183 528 1229 et
546 1183 725 1238 gnato3
756 1181 886 1229 mala
905 1182 1063 1229 multa
1081 1184 1309 1239 precatus
1328 1182 1534 1239 Atridis,

308 1271 409 1303 non
427 1255 507 1303 ille
527 1256 614 1302 aut
636 1256 878 1302 Teucrum
900 1258 988 1302 aut
1007 1256 1167 1312 ipsum
1187 1256 1387 1304 violavit
1408 1256 1601 1303 Ulixen.

202 1339 286 1385 205
312 1325 326 1345 ⁶
340 1325 527 1371 Verum
547 1339 653 1380 ego,
674 1326 731 1370 ut
751 1324 1008 1371 haerentes
1029 1324 1233 1372 adverso
1253 1324 1394 1371 litore
1413 1340 1560 1371 naves

309 1398 562 1454 eriperem,
584 1397 797 1453 prudens
818 1396 1006 1452 placavi
1025 1398 1260 1454 sanguine
1279 1397 1447 1445 divos!

311 1472 499 1527 Nempe
517 1472 623 1528 tuo,
643 1470 840 1518 furiose.
900 1469 914 1493 ‘
937 1470 1067 1529 Meo,
1089 1470 1173 1518 sed
1193 1485 1290 1518 non
1310 1470 1559 1519 furiosus!

311 1546 407 1601 Qui
429 1544 607 1600 species
628 1543 748 1590 alias
767 1543 870 1590 veri
892 1543 1179 1599 scelerisque
1198 1544 1418 1592 tumultu

311 1617 577 1673 permixtas
596 1617 771 1672 capiet,
794 1618 1061 1666 commotus
1087 1616 1362 1674 habebitur,
1385 1618 1530 1673 atque

203 1705 290 1734 210
313 1690 585 1739 stultitiane
603 1691 734 1737 erret
753 1689 961 1736 nihilum
981 1689 1183 1737 distabit
1203 1706 1269 1737 an
1286 1690 1378 1738 ira.

312 1763 442 1810 Aiax
458 1762 725 1810 immeritos
746 1776 858 1808 cum
876 1761 1052 1809 occidit
1072 1761 1247 1818 desipit
1266 1779 1417 1820 agnos
1435 1784 1449 1811 z

311 1851 424 1882 cum
443 1835 655 1891 prudens
678 1834 832 1881 scelus
852 1835 914 1881 ob
932 1835 1103 1881 titulos
1123 1836 1343 1883 admittis
1363 1837 1547 1893 inanes,

310 1912 413 1956 stas
441 1909 617 1966 animo,
640 1911 690 1956 et
710 1924 887 1964 purum
914 1910 988 1956 est
1009 1909 1129 1956 vitio
1151 1908 1260 1966 tibi,
1280 1925 1392 1957 cum
1419 1909 1661 1957 tumidum

424 1985 515 2040 est,
538 1986 654 2030 cor?

313 2056 366 2102 Si
385 2055 493 2112 quis
514 2056 688 2103 lectica
706 2055 912 2102 nitidam
932 2058 1124 2112 gestare
1145 2057 1278 2103 amet
1298 2071 1492 2113 agnam,

204 2134 288 2180 215
311 2129 425 2177 huic
437 2130 639 2186 vestem,
656 2131 713 2174 ut
726 2132 922 2185 gnatae,
934 2131 1073 2184 paret
1085 2129 1301 2185 ancillas,
1316 2132 1455 2185 paret
1471 2145 1661 2186 aurum,

313 2204 497 2250 Rufam
519 2205 606 2250 aut
629 2202 859 2250 Pusillam
880 2202 1093 2258 appellet
1113 2202 1325 2258 fortique
1345 2203 1523 2249 marito

312 2276 524 2324 destinet
543 2291 744 2323 uxorem
763 2293 778 2332 ς
806 2275 1070 2323 interdicto
1090 2276 1202 2323 huic
1222 2290 1362 2324 omne
1383 2276 1568 2323 adimat
1588 2276 1665 2323 ius

312 2351 526 2407 praetor,
548 2351 597 2397 et
618 2350 681 2397 ad
699 2364 841 2397 sanos
861 2350 1005 2396 abeat
1025 2349 1184 2397 tutela
1203 2350 1510 2411 propinquos.

314 2423 473 2479 Quid?
504 2423 544 2469 si
563 2423 669 2479 quis
690 2424 891 2478 gnatam
912 2437 1000 2477 pro
1020 2424 1159 2468 muta
1179 2422 1380 2470 devovet
1399 2438 1531 2479 agna

394 2517 451 2547 201
496 2522 623 2547 servas
640 2512 822 2547 cursum?
843 2511 939 2546 coni.
957 2511 1122 2546 Bothum
1389 2516 1449 2546 208
1489 2512 1588 2547 veris

417 2570 432 2614 [
453 2582 524 2617 213
543 2569 559 2615 l
