2109 2975
338 364 390 394 10

337 1679 391 1724 25

981 179 1205 221 HORA'H

582 273 746 321 tristes
767 275 823 320 ut
842 274 961 333 irae,
982 291 1101 333 quas
1121 292 1275 335 neque
1295 271 1505 326 Noricus

583 349 795 397 deterret
815 350 941 398 ensis
961 367 1051 399 nec
1071 368 1205 401 mare
1225 353 1523 410 naufragum

638 439 727 471 nec
752 439 923 471 saevus
943 424 1069 482 ignis
1088 440 1177 473 nec
1191 425 1444 473 tremendo

749 496 972 554 Iuppiter
989 498 1091 555 ipse
1110 514 1258 546 ruens
1277 498 1511 547 tumultu.

583 621 765 670 Fertur
783 622 1117 680 Pr0metheus‚
1140 623 1316 670 addere
1336 622 1540 679 principi

583 696 697 742 limo
717 698 912 743 coactus
932 696 1225 752 particulam
1243 693 1455 752 'undique

640 771 899 827 desectam,
921 772 971 817 et
990 770 1151 817 insani
1168 770 1318 817 leonis

751 843 850 889 vim
871 842 1120 890 stomacho
1139 843 1417 899 apposuisse
1438 844 1620 891 nostro.

584 970 695 1017 Irae
717 969 962 1025 Thyesten
981 968 1130 1015 exitio
1148 969 1289 1025 gravi

585 1044 801 1090 stravere
822 1042 872 1089 et
892 1042 1005 1089 altis
1025 1042 1227 1089 urbibus
1246 1040 1447 1091 ultimae

641 1117 821 1163 stetere
841 1131 1030 1173 causae,
1053 1132 1141 1164 cnr
1161 1115 1376 1173 perirent

753 1186 974 1236 funditus
994 1189 1389 1247 imprimeretque
1409 1190 1558 1237 muris

584 1313 757 1361 hostile
778 1314 996 1360 aratrum
1018 1314 1257 1362 exercitus
1278 1315 1503 1362 insolens.

586 1387 846 1443 Compesce
867 1389 1079 1435 mentem
1101 1409 1112 1435 ε
1143 1404 1220 1436 me
1241 1404 1426 1445 quoque
1447 1389 1655 1445 pectoris

639 1461 898 1518 temptavit
918 1462 969 1510 in
990 1462 1120 1522 dulci
1139 1462 1339 1511 iuventa

752 1536 913 1584 fervor
931 1538 981 1583 et
1000 1537 1050 1583 in
1073 1536 1251 1584 celeres
1266 1536 1453 1583 'iambos

585 1660 716 1706 misit
736 1660 977 1707 furentem
994 1679 1006 1717 3
1036 1675 1167 1708 nnnc
1187 1675 1275 1716 ego
1295 1659 1493 1707 mitibus

586 1735 775 1781 mutare
795 1748 972 1789 quaero
991 1733 1172 1791 tristia,
1193 1733 1307 1780 dum
1329 1733 1447 1780 mihi

639 1807 726 1854 fias
745 1807 1009 1854 recantatis
1029 1806 1186 1854 amica

750 1879 1018 1936 opprobriis
1037 1879 1347 1935 animumque
1366 1878 1553 1925 reddas.

1004 2133 1155 2181 XVII

585 2251 787 2298 Vnnox·
800 2265 1052 2298 amoenum
1074 2260 1215 2305 saepe
1235 2249 1528 2296 Lucretilem
1612 2295 1615 2298 .

588 2326 748 2370 mutat
769 2324 958 2380 Lycaeo
976 2325 1179 2371 Faunus
1199 2324 1249 2369 et
1268 2323 1460 2378 igneam

642 2397 858 2444 defendit
879 2399 1115 2445 aestatem
1137 2395 1333 2451 capellis
1402 2427 1405 2430 -

755 2486 903 2526 nsque
925 2471 1045 2520 meis
1064 2469 1341 2527 pluviosque
1362 2469 1547 2515 ventos.

517 2546 634 2595 [26]
