2109 2975
690 215 1029 259 SATIRARUM
1068 218 1127 258 11.
1152 225 1199 258 Vl

269 315 313 363 Ο
331 315 523 372 quando
540 314 657 364 faba
675 315 985 374 Pythagorae
1005 317 1216 373 cognata
1235 315 1470 373 simulque

268 389 418 436 uncta
436 388 556 436 satis
574 388 747 447 pingui
765 392 1010 447 ponentur
1027 389 1246 438 oluscula
1263 389 1437 438 lardo?

194 461 246 516 65
270 460 314 508 Ο
330 463 499 510 noctes
519 476 761 519 cenaeque
780 463 925 514 deum
945 466 957 513 1
987 462 1162 519 quibus
1180 463 1283 520 ipse
1302 463 1491 520 meique

267 536 381 582 ante
402 535 580 584 Larem
599 536 847 593 proprium
865 551 1034 584 vescor
1051 552 1319 593 vernasque
1339 551 1567 593 procaces

267 622 411 665 pasco
428 609 592 657 libatis
613 610 835 665 dapibus.
895 610 1053 657 Prout
1075 610 1248 666 cuique
1266 610 1414 658 libido
1432 612 1507 658 est

268 681 416 730 siccat
435 682 713 739 inaequales
733 683 905 732 calices
925 683 1143 741 conviva,
1164 683 1352 731 solutus

265 754 452 811 legibus
470 756 672 815 insanis,
694 771 780 803 seu
798 756 905 813 quis
928 756 1061 812 capit
1080 755 1214 804 acria
1231 755 1375 804 fortis

191 842 245 885 70
267 828 440 883 pocula
459 843 545 877 seu
562 830 763 877 modicis
782 830 971 884 uvescit
988 829 1183 878 laetius.
1244 828 1378 886 Ergo

267 915 424 948 sermo
442 902 616 960 oritur,
639 917 736 950 non
756 903 815 951 de
834 901 963 950 villis
982 901 1264 950 domibusve
1283 902 1468 959 alienis,

267 989 355 1022 nec
370 975 497 1023 male
510 990 661 1024 necue
673 976 829 1032 Lepos
844 975 993 1026 saltet
1009 994 1024 1033 ;
1052 974 1139 1023 sed
1151 974 1279 1031 quod
1291 976 1446 1032 mag-is
1459 976 1522 1024 ad
1533 990 1623 1024 nos

268 1048 478 1105 pertinet
496 1050 547 1096 et
566 1050 751 1097 nescire
771 1049 956 1096 malum
974 1050 1051 1096 est
1071 1048 1314 1106 agitamus
1335 1069 1347 1096 e
1378 1051 1610 1097 utrumne

268 1121 449 1170 divitiis
468 1122 684 1171 homines
704 1138 768 1171 au
788 1122 888 1171 sint
907 1121 1093 1170 virtute
1112 1120 1275 1179 beati3
1628 1140 1634 1146 ·

190 1205 246 1253 75
268 1193 442 1250 quidve
460 1195 523 1243 ad
542 1195 800 1253 amicitias„
816 1209 935 1243 usus
953 1196 1226 1249 rectumne,
1245 1194 1417 1241 trahat
1436 1208 1549 1250 uos3

267 1270 318 1316 et
338 1283 462 1325 quae
482 1269 546 1316 sit
559 1270 742 1317 natura
758 1268 873 1318 boni
894 1283 1230 1324 summumque
1250 1267 1366 1325 quid
1386 1267 1505 1315 eius.

269 1341 470 1389 Cervius
485 1341 604 1390 haec
623 1342 754 1389 inter
778 1342 964 1390 vicinus
982 1342 1141 1398 garrit
1161 1341 1313 1388 aniles

268 1430 328 1461 ex
346 1429 401 1462 re
420 1414 640 1463 fabellas.
701 1415 754 1463 Si
773 1415 878 1471 quis
896 1429 1014 1462 nam
1031 1414 1204 1462 laudat
1222 1413 1378 1462 Arelli

268 1489 500 1540 sollicitas
519 1489 720 1547 ignarus
740 1504 871 1547 opes,
892 1489 961 1537 sic
979 1488 1152 1545 incipit
1173 1508 1185 1537 ε
1217 1488 1229 1509 ‘
1248 1488 1376 1536 Olim

190 1568 246 1611 80
265 1562 480 1610 rusticus
498 1564 740 1611 urbanum
760 1578 946 1611 murem
968 1577 1077 1610 mus
1096 1576 1309 1618 paupere
1327 1561 1491 1608 fertur

266 1635 507 1691 accepisse
527 1650 661 1694 cavo,
682 1637 893 1683 veterem
913 1636 1055 1683 vetus
1074 1635 1246 1691 hospes
1267 1634 1494 1691 amicum,

265 1724 410 1765 asper
428 1710 479 1756 et
497 1710 718 1757 attentus
737 1708 984 1766 quaesitis,
1003 1711 1064 1756 ut
1081 1710 1248 1756 tamen
1267 1709 1431 1755 artum

266 1782 477 1829 solveret
488 1781 708 1839 hospitiis
724 1782 956 1829 animum.
1016 1781 1146 1838 Quid
1159 1780 1345 1829 multa?
1369 1795 1525 1836 neque
1538 1779 1620 1825 ille

267 1855 465 1912 sepositi
483 1855 651 1903 ciceris
670 1871 758 1904 nec
776 1855 950 1913 longae
969 1854 1146 1902 invidit
1165 1868 1366 1910 avenae,

189 1932 243 1987 85
267 1929 459 1976 aridum
478 1930 529 1976 et
547 1945 631 1977 ore
648 1929 811 1977 ferens
830 1930 1024 1977 acinum
1043 1942 1320 1983 semesaque
1336 1926 1465 1975 lardi

268 2002 431 2049 frusta
448 2001 596 2061 dedit,
618 2001 816 2059 cupiens
834 2001 973 2049 varia
990 2000 1193 2049 fastidia
1210 2000 1332 2048 cena

265 2076 460 2125 vincere
479 2077 726 2135 tangentis
746 2076 872 2124 male
892 2075 1087 2133 singula
1104 2075 1251 2122 deute
1269 2073 1502 2132 superb03

268 2165 381 2197 cum
397 2151 541 2207 pater
558 2151 660 2209 ipse
680 2150 849 2197 domus
868 2147 1009 2205 palea
1028 2149 1280 2206 porrectus
1299 2148 1351 2195 in
1369 2147 1526 2195 horna

268 2224 395 2272 esset
414 2223 533 2270 ador
551 2222 828 2279 loliumque,
849 2221 985 2278 dapis
1000 2220 1208 2269 meliora
1225 2219 1518 2276 relinquens.

189 2307 246 2351 90
268 2295 488 2356 Tandem
499 2295 715 2343 urbanus
728 2295 791 2342 ad
802 2295 930 2342 hunc
949 2314 960 2341 =
981 2293 1022 2317 “‘
1034 2293 1162 2351 Quid
1173 2294 1224 2340 te
1235 2292 1406 2351 iuvat‚’
1413 2294 1424 2313 '
1440 2292 1612 2349 inquit,

383 2368 416 2391 u
430 2367 598 2425 amice,
653 2370 658 2375 ¹
849 2370 854 2377 »
1602 2405 1609 2411 ⁸
1629 2378 1638 2387 .

268 2439 520 2499 praerupti
536 2441 745 2488 nemoris
764 2441 1028 2511 patientem
1048 2440 1211 2487 vivere
1231 2439 1373 2487 dorso
1385 2443 1407 2487 i>

270 2515 358 2564 Vis
375 2517 435 2562 tu
453 2514 669 2567 homines
688 2514 953 2570 urbemque
971 2514 1091 2561 feris
1109 2527 1405 2631 praeponet-[e
1424 2512 1593 2633 silv1is?

366 2589 384 2637 [
402 2601 474 2638 227
491 2589 510 2636 ]
1405 2595 1444 2627 Β
1464 2599 1486 2624 2
1536 2618 1541 2625 .
