2109 2975
256 692 312 724 10

258 1104 310 1150 15

251 1950 307 1996 25

643 187 961 228 CARMINUM
996 187 1031 226 1.
1057 196 1202 234 xxxvs,
1227 195 1375 227 xxxvn

505 281 729 332 Antehac
748 283 888 332 nefas
908 284 1189 340 depromere
1212 281 1488 332 Caecubum

503 356 634 404 eellis
652 357 814 415 avitis»,
836 358 952 406 dum
975 357 1215 415 Capitolio

557 431 732 490 regina
751 432 999 480 dementes
1018 431 1188 479 ruinas

614 504 766 553 funus
785 507 838 554 et
855 505 1061 563 imperio
1079 505 1287 563 parabat

503 618 834 667 contaminato
854 636 964 668 eum
983 636 1131 681 grege
1151 620 1371 680 turpium
1437 681 1440 684 Ι

502 692 670 740 morbo
690 694 924 752 virorum,
946 694 1182 752 quidlibet
1202 694 1442 751 impotens

557 781 752 823 sperare
771 766 1066 823 fortunaque
1086 766 1216 815 dulci

614 839 764 889 ebria.
783 850 785 852 ’
824 841 921 889 Sed
940 841 1117 888 minuit
1137 841 1353 889 furorem

501 953 582 1000 vix
601 970 700 1001 una
720 970 883 1012 sospes
903 956 1041 1018 navis
1062 944 1124 1003 ab
1143 956 1355 1014 ignibus,

502 1028 808 1084 mentemque
827 1028 1132 1085 lymphatam
1153 1028 1422 1092 Mareotico

557 1100 746 1157 redegit
766 1101 816 1148 in
836 1109 974 1149 ‘veros
994 1102 1197 1150 timores

614 1174 809 1232 Caesar,
830 1174 892 1222 ab
913 1174 1063 1223 Italia
1080 1174 1325 1224 volantem

501 1280 647 1328 remis
669 1281 932 1340 adurgens,
953 1281 1186 1337 accipiter
1206 1282 1341 1330 velut

500 1353 666 1401 molles
690 1354 934 1401 columbas
955 1356 1043 1402 aut
1065 1355 1277 1412 leporem
1299 1356 1424 1403 citus

556 1428 762 1474 venator
780 1427 831 1474 in
854 1428 1035 1484 eampis
1055 1428 1230 1476 nivalis

612 1501 929 1559 Haemoniae,
951 1503 1091 1550 daret
1111 1504 1167 1550 ut
1187 1503 1370 1551 catenis

498 1608 650 1656 fatale
670 1610 941 1657 monstrum
962 1631 974 1658 ε
1003 1626 1126 1667 quae
1145 1611 1422 1668 generosius

498 1681 654 1737 perire
674 1698 908 1738 quaerens
927 1699 1019 1735 nee
1037 1684 1340 1733 muliebriter

555 1755 753 1811 expavit
773 1772 935 1805 ensem
957 1773 1045 1806 neo
1066 1757 1276 1806 latentes

613 1827 764 1876 classe
784 1830 884 1877 cita
901 1831 1149 1887 reparavit
1167 1846 1278 1879 oras
1293 1851 1307 1888 ς

497 1949 619 1981 ausa
638 1937 689 1981 et
709 1935 948 1983 iacentem
968 1936 1129 1984 visere
1150 1936 1334 1994 regiam

499 2006 642 2055 vultu
661 2023 848 2067 sereno,
869 2009 1014 2059 fortis
1035 2013 1086 2059 et
1106 2025 1302 2068 asperas

554 2083 770 2130 tractare
789 2086 1055 2142 serpentes,
1077 2086 1135 2131 ut
1155 2087 1318 2131 atrum

610 2170 806 2211 corpore
827 2157 1121 2205 combiberet
1139 2173 1395 2215 venenum,

497 2260 765 2309 deliberata
783 2265 940 2310 morte
959 2261 1183 2321 ferocior,

497 2334 652 2381 saevis
672 2334 900 2383 Liburnis
918 2337 1105 2385 scilieet
1122 2337 1343 2386 invidens

550 2409 748 2466 privata
765 2410 936 2458 deduci
957 2411 1165 2470 superbo

608 2499 705 2532 non
723 2485 920 2533 humilis
940 2488 1113 2534 mulier
1131 2487 1394 2543 triumpho.

429 2555 546 2605 [43]

1531 2573 1669 2623 [⁸5]
