<?xml version="1.0" encoding="UTF-8"?>
<!DOCTYPE html PUBLIC "-//W3C//DTD XHTML 1.0 Transitional//EN"
    "http://www.w3.org/TR/xhtml1/DTD/xhtml1-transitional.dtd">
<html xmlns="http://www.w3.org/1999/xhtml" xml:lang="en" lang="en">
 <head>
  <title>
</title>
<meta http-equiv="Content-Type" content="text/html;charset=utf-8" />
  <meta name='ocr-system' content='tesseract 3.04.00' />
  <meta name='ocr-capabilities' content='ocr_page ocr_carea ocr_par ocr_line ocrx_word'/>
</head>
<body>
  <div class='ocr_page' id='page_1' title='image "./operaomnia06unkngoog_0278.png"; bbox 0 0 2109 2975; ppageno 0'>
   <div class='ocr_carea' id='block_1_1' title="bbox 978 195 1199 237">
    <p class='ocr_par' dir='ltr' id='par_1_1' title="bbox 978 195 1199 237">
     <span class='ocr_line' id='line_1_1' title="bbox 978 195 1199 237; baseline 0 -1"><span class='ocrx_word' id='word_1_1' title='bbox 978 195 1199 237; x_wconf 81' lang='lat' dir='ltr'><strong>HORA&#39;I&#39;I</strong></span> 
     </span>
    </p>
   </div>
   <div class='ocr_carea' id='block_1_2' title="bbox 321 291 1765 2610">
    <p class='ocr_par' dir='ltr' id='par_1_2' title="bbox 407 291 1492 350">
     <span class='ocr_line' id='line_1_2' title="bbox 407 291 1492 350; baseline -0.001 -9"><span class='ocrx_word' id='word_1_2' title='bbox 407 294 457 341; x_wconf 87' lang='lat' dir='ltr'><strong>te</strong></span> <span class='ocrx_word' id='word_1_3' title='bbox 477 293 658 341; x_wconf 86' lang='lat' dir='ltr'><strong>nostris</strong></span> <span class='ocrx_word' id='word_1_4' title='bbox 678 293 897 349; x_wconf 62' lang='lat' dir='ltr'><strong>ducibus),</strong></span> <span class='ocrx_word' id='word_1_5' title='bbox 919 295 969 340; x_wconf 87' lang='lat' dir='ltr'><strong>te</strong></span> <span class='ocrx_word' id='word_1_6' title='bbox 994 294 1139 341; x_wconf 87' lang='lat' dir='ltr'><strong>Grais</strong></span> <span class='ocrx_word' id='word_1_7' title='bbox 1161 291 1492 350; x_wconf 83' lang='lat' dir='ltr'><strong>anteferendo,</strong></span> 
     </span>
    </p>

    <p class='ocr_par' dir='ltr' id='par_1_3' title="bbox 328 366 1670 716">
     <span class='ocr_line' id='line_1_3' title="bbox 328 366 1516 423; baseline 0 -10"><span class='ocrx_word' id='word_1_8' title='bbox 328 383 384 413; x_wconf 90' lang='lat'><strong>20</strong></span> <span class='ocrx_word' id='word_1_9' title='bbox 408 369 569 415; x_wconf 82' lang='lat' dir='ltr'><strong>cetera</strong></span> <span class='ocrx_word' id='word_1_10' title='bbox 587 379 887 423; x_wconf 76' lang='lat' dir='ltr'><strong>nequaquam</strong></span> <span class='ocrx_word' id='word_1_11' title='bbox 911 366 1054 413; x_wconf 87' lang='lat' dir='ltr'><strong>simili</strong></span> <span class='ocrx_word' id='word_1_12' title='bbox 1073 366 1261 413; x_wconf 86' lang='lat' dir='ltr'><strong>ratione</strong></span> <span class='ocrx_word' id='word_1_13' title='bbox 1282 366 1516 422; x_wconf 84' lang='lat' dir='ltr'>modoque</span> 
     </span>
     <span class='ocr_line' id='line_1_4' title="bbox 407 439 1566 496; baseline -0.002 -8"><span class='ocrx_word' id='word_1_14' title='bbox 407 439 649 496; x_wconf 84' lang='lat' dir='ltr'><strong>aestimat,</strong></span> <span class='ocrx_word' id='word_1_15' title='bbox 671 443 721 487; x_wconf 88' lang='lat' dir='ltr'><strong>et</strong></span> <span class='ocrx_word' id='word_1_16' title='bbox 741 440 837 487; x_wconf 87' lang='lat' dir='ltr'><strong>nisi</strong></span> <span class='ocrx_word' id='word_1_17' title='bbox 856 455 978 496; x_wconf 85' lang='lat' dir='ltr'><strong>quae</strong></span> <span class='ocrx_word' id='word_1_18' title='bbox 1000 439 1146 487; x_wconf 84' lang='lat' dir='ltr'><strong>terris</strong></span> <span class='ocrx_word' id='word_1_19' title='bbox 1170 441 1354 488; x_wconf 84' lang='lat' dir='ltr'><strong>semota</strong></span> <span class='ocrx_word' id='word_1_20' title='bbox 1374 439 1566 496; x_wconf 80' lang='lat' dir='ltr'><strong>suisque</strong></span> 
     </span>
     <span class='ocr_line' id='line_1_5' title="bbox 406 512 1578 571; baseline -0.003 -10"><span class='ocrx_word' id='word_1_21' title='bbox 406 513 702 570; x_wconf 77' lang='lat' dir='ltr'><strong>temporibus</strong></span> <span class='ocrx_word' id='word_1_22' title='bbox 730 513 967 561; x_wconf 82' lang='lat' dir='ltr'><strong>defuncta</strong></span> <span class='ocrx_word' id='word_1_23' title='bbox 984 513 1137 571; x_wconf 86' lang='lat' dir='ltr'><strong>videt,</strong></span> <span class='ocrx_word' id='word_1_24' title='bbox 1161 512 1353 561; x_wconf 74' lang='lat' dir='ltr'><strong>fastidit</strong></span> <span class='ocrx_word' id='word_1_25' title='bbox 1374 514 1424 559; x_wconf 92' lang='lat' dir='ltr'><strong>et</strong></span> <span class='ocrx_word' id='word_1_26' title='bbox 1445 512 1546 559; x_wconf 88' lang='lat' dir='ltr'><strong>odit</strong></span> <span class='ocrx_word' id='word_1_27' title='bbox 1565 531 1578 568; x_wconf 89' lang='lat'>;</span> 
     </span>
     <span class='ocr_line' id='line_1_6' title="bbox 406 584 1670 641; baseline -0.001 -9"><span class='ocrx_word' id='word_1_28' title='bbox 406 586 473 633; x_wconf 83' lang='lat' dir='ltr'><strong>sic</strong></span> <span class='ocrx_word' id='word_1_29' title='bbox 492 586 658 634; x_wconf 74' lang='lat' dir='ltr'><strong>fautor</strong></span> <span class='ocrx_word' id='word_1_30' title='bbox 676 588 915 641; x_wconf 83' lang='lat' dir='ltr'><strong>veterum,</strong></span> <span class='ocrx_word' id='word_1_31' title='bbox 936 588 994 633; x_wconf 88' lang='lat' dir='ltr'><strong>ut</strong></span> <span class='ocrx_word' id='word_1_32' title='bbox 1014 584 1210 633; x_wconf 83' lang='lat' dir='ltr'><strong>tabulas</strong></span> <span class='ocrx_word' id='word_1_33' title='bbox 1230 600 1428 641; x_wconf 87' lang='lat' dir='ltr'><strong>peccare</strong></span> <span class='ocrx_word' id='word_1_34' title='bbox 1448 586 1670 632; x_wconf 83' lang='lat' dir='ltr'><strong>vetantes</strong></span> 
     </span>
     <span class='ocr_line' id='line_1_7' title="bbox 405 657 1666 716; baseline -0.001 -10"><span class='ocrx_word' id='word_1_35' title='bbox 405 675 523 716; x_wconf 88' lang='lat' dir='ltr'><strong>quas</strong></span> <span class='ocrx_word' id='word_1_36' title='bbox 542 658 615 706; x_wconf 91' lang='lat' dir='ltr'><strong>bis</strong></span> <span class='ocrx_word' id='word_1_37' title='bbox 636 659 842 716; x_wconf 89' lang='lat' dir='ltr'><strong>quinque</strong></span> <span class='ocrx_word' id='word_1_38' title='bbox 862 658 955 706; x_wconf 83' lang='lat' dir='ltr'><strong>viri</strong></span> <span class='ocrx_word' id='word_1_39' title='bbox 975 660 1262 716; x_wconf 86' lang='lat' dir='ltr'><strong>sanxerunt,</strong></span> <span class='ocrx_word' id='word_1_40' title='bbox 1284 657 1479 706; x_wconf 81' lang='lat' dir='ltr'><strong>foedera</strong></span> <span class='ocrx_word' id='word_1_41' title='bbox 1498 673 1666 715; x_wconf 75' lang='lat' dir='ltr'><strong>regum</strong></span> 
     </span>
    </p>

    <p class='ocr_par' dir='ltr' id='par_1_4' title="bbox 327 731 1544 929">
     <span class='ocr_line' id='line_1_8' title="bbox 327 731 1544 796; baseline -0.004 -14"><span class='ocrx_word' id='word_1_42' title='bbox 327 750 381 796; x_wconf 86' lang='lat'><strong>25</strong></span> <span class='ocrx_word' id='word_1_43' title='bbox 405 733 482 781; x_wconf 82' lang='lat' dir='ltr'><strong>vel</strong></span> <span class='ocrx_word' id='word_1_44' title='bbox 502 733 667 781; x_wconf 81' lang='lat' dir='ltr'><strong>Gabiis</strong></span> <span class='ocrx_word' id='word_1_45' title='bbox 688 733 765 781; x_wconf 86' lang='lat' dir='ltr'><strong>vel</strong></span> <span class='ocrx_word' id='word_1_46' title='bbox 786 748 895 781; x_wconf 90' lang='lat' dir='ltr'><strong>cum</strong></span> <span class='ocrx_word' id='word_1_47' title='bbox 915 732 1085 790; x_wconf 77' lang='lat' dir='ltr'><strong>rigidis</strong></span> <span class='ocrx_word' id='word_1_48' title='bbox 1106 733 1315 788; x_wconf 84' lang='lat' dir='ltr'><strong>aequata</strong></span> <span class='ocrx_word' id='word_1_49' title='bbox 1336 731 1544 788; x_wconf 85' lang='lat' dir='ltr'><strong>Sabinis,</strong></span> 
     </span>
     <span class='ocr_line' id='line_1_9' title="bbox 403 805 1541 864; baseline -0.004 -9"><span class='ocrx_word' id='word_1_50' title='bbox 403 807 687 863; x_wconf 87' lang='lat' dir='ltr'><strong>pontificum</strong></span> <span class='ocrx_word' id='word_1_51' title='bbox 706 807 870 864; x_wconf 77' lang='lat' dir='ltr'><strong>libroS,</strong></span> <span class='ocrx_word' id='word_1_52' title='bbox 890 821 1075 855; x_wconf 84' lang='lat' dir='ltr'><strong>annosa</strong></span> <span class='ocrx_word' id='word_1_53' title='bbox 1089 805 1335 853; x_wconf 85' lang='lat' dir='ltr'><strong>volumina</strong></span> <span class='ocrx_word' id='word_1_54' title='bbox 1353 807 1541 861; x_wconf 87' lang='lat' dir='ltr'><strong>vatum,</strong></span> 
     </span>
     <span class='ocr_line' id='line_1_10' title="bbox 403 879 1472 929; baseline -0.003 -1"><span class='ocrx_word' id='word_1_55' title='bbox 403 881 595 929; x_wconf 74' lang='lat' dir='ltr'><strong>dictitet</strong></span> <span class='ocrx_word' id='word_1_56' title='bbox 614 880 806 928; x_wconf 86' lang='lat' dir='ltr'><strong>Albano</strong></span> <span class='ocrx_word' id='word_1_57' title='bbox 826 879 995 927; x_wconf 83' lang='lat' dir='ltr'><strong>Musas</strong></span> <span class='ocrx_word' id='word_1_58' title='bbox 1014 880 1068 926; x_wconf 91' lang='lat' dir='ltr'><strong>in</strong></span> <span class='ocrx_word' id='word_1_59' title='bbox 1086 880 1248 927; x_wconf 88' lang='lat' dir='ltr'><strong>monte</strong></span> <span class='ocrx_word' id='word_1_60' title='bbox 1267 879 1472 926; x_wconf 84' lang='lat' dir='ltr'><strong>locutas.</strong></span> 
     </span>
    </p>

    <p class='ocr_par' dir='ltr' id='par_1_5' title="bbox 403 952 1615 1084">
     <span class='ocr_line' id='line_1_11' title="bbox 405 952 1614 1011; baseline -0.002 -10"><span class='ocrx_word' id='word_1_61' title='bbox 405 954 473 1011; x_wconf 88' lang='lat' dir='ltr'><strong>Si,</strong></span> <span class='ocrx_word' id='word_1_62' title='bbox 494 954 609 1011; x_wconf 87' lang='lat' dir='ltr'><strong>quia</strong></span> <span class='ocrx_word' id='word_1_63' title='bbox 628 954 885 1001; x_wconf 85' lang='lat' dir='ltr'><strong>Graiorum</strong></span> <span class='ocrx_word' id='word_1_64' title='bbox 906 954 1022 1001; x_wconf 87' lang='lat' dir='ltr'><strong>sunt</strong></span> <span class='ocrx_word' id='word_1_65' title='bbox 1042 952 1381 1009; x_wconf 85' lang='lat' dir='ltr'><strong>antiquissima</strong></span> <span class='ocrx_word' id='word_1_66' title='bbox 1399 966 1614 1009; x_wconf 87' lang='lat' dir='ltr'><strong>quaeque</strong></span> 
     </span>
     <span class='ocr_line' id='line_1_12' title="bbox 403 1026 1615 1084; baseline -0.001 -10"><span class='ocrx_word' id='word_1_67' title='bbox 403 1028 588 1084; x_wconf 85' lang='lat' dir='ltr'><strong>scripta</strong></span> <span class='ocrx_word' id='word_1_68' title='bbox 607 1028 685 1076; x_wconf 82' lang='lat' dir='ltr'><strong>vel</strong></span> <span class='ocrx_word' id='word_1_69' title='bbox 704 1027 905 1084; x_wconf 86' lang='lat' dir='ltr'><strong>optima,</strong></span> <span class='ocrx_word' id='word_1_70' title='bbox 927 1026 1140 1074; x_wconf 82' lang='lat' dir='ltr'><strong>Romani</strong></span> <span class='ocrx_word' id='word_1_71' title='bbox 1160 1028 1430 1083; x_wconf 85' lang='lat' dir='ltr'><strong>pensant-ur</strong></span> <span class='ocrx_word' id='word_1_72' title='bbox 1448 1026 1615 1074; x_wconf 82' lang='lat' dir='ltr'><strong>eadem</strong></span> 
     </span>
    </p>

    <p class='ocr_par' dir='ltr' id='par_1_6' title="bbox 324 1094 1722 1378">
     <span class='ocr_line' id='line_1_13' title="bbox 324 1094 1722 1161; baseline -0.002 -13"><span class='ocrx_word' id='word_1_73' title='bbox 324 1116 380 1161; x_wconf 87' lang='lat'><strong>30</strong></span> <span class='ocrx_word' id='word_1_74' title='bbox 404 1102 663 1158; x_wconf 82' lang='lat' dir='ltr'><strong>scriptores</strong></span> <span class='ocrx_word' id='word_1_75' title='bbox 682 1101 890 1157; x_wconf 84' lang='lat' dir='ltr'><strong>trutina,</strong></span> <span class='ocrx_word' id='word_1_76' title='bbox 907 1116 1006 1149; x_wconf 90' lang='lat' dir='ltr'><strong>non</strong></span> <span class='ocrx_word' id='word_1_77' title='bbox 1028 1102 1104 1149; x_wconf 85' lang='lat' dir='ltr'><strong>est</strong></span> <span class='ocrx_word' id='word_1_78' title='bbox 1119 1099 1248 1157; x_wconf 88' lang='lat' dir='ltr'><strong>quod</strong></span> <span class='ocrx_word' id='word_1_79' title='bbox 1268 1100 1426 1147; x_wconf 86' lang='lat' dir='ltr'><strong>multa</strong></span> <span class='ocrx_word' id='word_1_80' title='bbox 1436 1094 1691 1156; x_wconf 86' lang='lat' dir='ltr'><strong>loquamur</strong></span> <span class='ocrx_word' id='word_1_81' title='bbox 1711 1118 1722 1145; x_wconf 86' lang='lat'><em>=</em></span> 
     </span>
     <span class='ocr_line' id='line_1_14' title="bbox 403 1172 1639 1230; baseline -0.002 -10"><span class='ocrx_word' id='word_1_82' title='bbox 403 1174 474 1221; x_wconf 91' lang='lat' dir='ltr'><strong>nil</strong></span> <span class='ocrx_word' id='word_1_83' title='bbox 492 1174 626 1221; x_wconf 83' lang='lat' dir='ltr'><strong>intra</strong></span> <span class='ocrx_word' id='word_1_84' title='bbox 642 1175 722 1221; x_wconf 81' lang='lat' dir='ltr'><strong>est</strong></span> <span class='ocrx_word' id='word_1_85' title='bbox 743 1173 916 1230; x_wconf 86' lang='lat' dir='ltr'><strong>oleam,</strong></span> <span class='ocrx_word' id='word_1_86' title='bbox 938 1173 1008 1220; x_wconf 90' lang='lat' dir='ltr'><strong>nil</strong></span> <span class='ocrx_word' id='word_1_87' title='bbox 1028 1175 1173 1220; x_wconf 86' lang='lat' dir='ltr'><strong>extra</strong></span> <span class='ocrx_word' id='word_1_88' title='bbox 1192 1175 1267 1221; x_wconf 81' lang='lat' dir='ltr'><strong>est</strong></span> <span class='ocrx_word' id='word_1_89' title='bbox 1288 1173 1338 1220; x_wconf 90' lang='lat' dir='ltr'><strong>in</strong></span> <span class='ocrx_word' id='word_1_90' title='bbox 1358 1187 1482 1221; x_wconf 85' lang='lat' dir='ltr'><strong>nuce</strong></span> <span class='ocrx_word' id='word_1_91' title='bbox 1502 1172 1639 1227; x_wconf 87' lang='lat' dir='ltr'><strong>duri;</strong></span> 
     </span>
     <span class='ocr_line' id='line_1_15' title="bbox 404 1239 1685 1304; baseline -0.003 -10"><span class='ocrx_word' id='word_1_92' title='bbox 404 1247 621 1295; x_wconf 84' lang='lat' dir='ltr'><strong>venimus</strong></span> <span class='ocrx_word' id='word_1_93' title='bbox 641 1247 705 1294; x_wconf 83' lang='lat' dir='ltr'><strong>ad</strong></span> <span class='ocrx_word' id='word_1_94' title='bbox 724 1261 967 1294; x_wconf 89' lang='lat' dir='ltr'><strong>summum</strong></span> <span class='ocrx_word' id='word_1_95' title='bbox 986 1246 1215 1293; x_wconf 79' lang='lat' dir='ltr'><strong>fortunae</strong></span> <span class='ocrx_word' id='word_1_96' title='bbox 1232 1265 1244 1302; x_wconf 89' lang='lat'>;</span> <span class='ocrx_word' id='word_1_97' title='bbox 1275 1239 1520 1304; x_wconf 79' lang='lat' dir='ltr'><strong>pingimus</strong></span> <span class='ocrx_word' id='word_1_98' title='bbox 1538 1246 1685 1300; x_wconf 84' lang='lat' dir='ltr'><strong>atque</strong></span> 
     </span>
     <span class='ocr_line' id='line_1_16' title="bbox 404 1318 1613 1378; baseline -0.003 -9"><span class='ocrx_word' id='word_1_99' title='bbox 404 1321 653 1378; x_wconf 82' lang='lat' dir='ltr'><strong>psallimus</strong></span> <span class='ocrx_word' id='word_1_100' title='bbox 672 1323 724 1369; x_wconf 89' lang='lat' dir='ltr'><strong>et</strong></span> <span class='ocrx_word' id='word_1_101' title='bbox 743 1320 990 1369; x_wconf 86' lang='lat' dir='ltr'><strong>luctamur</strong></span> <span class='ocrx_word' id='word_1_102' title='bbox 1008 1319 1208 1367; x_wconf 84' lang='lat' dir='ltr'><strong>Achivis</strong></span> <span class='ocrx_word' id='word_1_103' title='bbox 1229 1320 1417 1368; x_wconf 86' lang='lat' dir='ltr'><strong>doctius</strong></span> <span class='ocrx_word' id='word_1_104' title='bbox 1436 1318 1613 1366; x_wconf 71' lang='lat' dir='ltr'><strong>unctiS.</strong></span> 
     </span>
    </p>

    <p class='ocr_par' dir='ltr' id='par_1_7' title="bbox 406 1393 1449 1450">
     <span class='ocr_line' id='line_1_17' title="bbox 406 1393 1449 1450; baseline -0.003 -7"><span class='ocrx_word' id='word_1_105' title='bbox 406 1396 458 1443; x_wconf 89' lang='lat' dir='ltr'><strong>Si</strong></span> <span class='ocrx_word' id='word_1_106' title='bbox 478 1394 675 1443; x_wconf 83' lang='lat' dir='ltr'><strong>meliora</strong></span> <span class='ocrx_word' id='word_1_107' title='bbox 695 1395 793 1442; x_wconf 89' lang='lat' dir='ltr'><strong>dies</strong></span> <span class='ocrx_word' id='word_1_108' title='bbox 813 1396 871 1442; x_wconf 92' lang='lat' dir='ltr'><strong>ut</strong></span> <span class='ocrx_word' id='word_1_109' title='bbox 890 1394 1005 1441; x_wconf 84' lang='lat' dir='ltr'><strong>vina</strong></span> <span class='ocrx_word' id='word_1_110' title='bbox 1026 1395 1252 1450; x_wconf 79' lang='lat' dir='ltr'><strong>po‘emata</strong></span> <span class='ocrx_word' id='word_1_111' title='bbox 1271 1393 1449 1450; x_wconf 87' lang='lat' dir='ltr'><strong>reddit,</strong></span> 
     </span>
    </p>

    <p class='ocr_par' dir='ltr' id='par_1_8' title="bbox 326 1461 1746 1746">
     <span class='ocr_line' id='line_1_18' title="bbox 326 1461 1746 1526; baseline -0.004 -9"><span class='ocrx_word' id='word_1_112' title='bbox 326 1477 381 1526; x_wconf 88' lang='grc'><strong>35</strong></span> <span class='ocrx_word' id='word_1_113' title='bbox 406 1469 527 1517; x_wconf 85' lang='lat' dir='ltr'><strong>scire</strong></span> <span class='ocrx_word' id='word_1_114' title='bbox 550 1468 711 1525; x_wconf 85' lang='lat' dir='ltr'><strong>velim,</strong></span> <span class='ocrx_word' id='word_1_115' title='bbox 729 1466 911 1515; x_wconf 81' lang='lat' dir='ltr'><strong>chartis</strong></span> <span class='ocrx_word' id='word_1_116' title='bbox 931 1461 1146 1525; x_wconf 85' lang='lat' dir='ltr'><strong>pretium</strong></span> <span class='ocrx_word' id='word_1_117' title='bbox 1167 1469 1345 1524; x_wconf 89' lang='lat' dir='ltr'><strong>quotus</strong></span> <span class='ocrx_word' id='word_1_118' title='bbox 1358 1466 1554 1523; x_wconf 77' lang='lat' dir='ltr'><strong>arroget</strong></span> <span class='ocrx_word' id='word_1_119' title='bbox 1573 1476 1746 1513; x_wconf 71' lang='lat' dir='ltr'><strong>annue.</strong></span> 
     </span>
     <span class='ocr_line' id='line_1_19' title="bbox 406 1539 1684 1600; baseline -0.005 -9"><span class='ocrx_word' id='word_1_120' title='bbox 406 1543 624 1600; x_wconf 87' lang='lat' dir='ltr'><strong>Scriptor</strong></span> <span class='ocrx_word' id='word_1_121' title='bbox 644 1542 819 1590; x_wconf 81' lang='lat' dir='ltr'><strong>abhinc</strong></span> <span class='ocrx_word' id='word_1_122' title='bbox 839 1556 992 1589; x_wconf 85' lang='lat' dir='ltr'><strong>annos</strong></span> <span class='ocrx_word' id='word_1_123' title='bbox 1013 1543 1211 1590; x_wconf 86' lang='lat' dir='ltr'><strong>centum</strong></span> <span class='ocrx_word' id='word_1_124' title='bbox 1232 1541 1316 1598; x_wconf 91' lang='lat' dir='ltr'><strong>qui</strong></span> <span class='ocrx_word' id='word_1_125' title='bbox 1337 1540 1532 1597; x_wconf 91' lang='lat' dir='ltr'><strong>decidit,</strong></span> <span class='ocrx_word' id='word_1_126' title='bbox 1553 1539 1684 1586; x_wconf 87' lang='lat' dir='ltr'><strong>inter</strong></span> 
     </span>
     <span class='ocr_line' id='line_1_20' title="bbox 403 1613 1556 1673; baseline -0.004 -9"><span class='ocrx_word' id='word_1_127' title='bbox 403 1617 644 1673; x_wconf 86' lang='lat' dir='ltr'><strong>perfectos</strong></span> <span class='ocrx_word' id='word_1_128' title='bbox 662 1619 944 1672; x_wconf 86' lang='lat' dir='ltr'><strong>veteresque</strong></span> <span class='ocrx_word' id='word_1_129' title='bbox 966 1615 1140 1663; x_wconf 86' lang='lat' dir='ltr'><strong>referri</strong></span> <span class='ocrx_word' id='word_1_130' title='bbox 1160 1615 1320 1671; x_wconf 86' lang='lat' dir='ltr'><strong>debet,</strong></span> <span class='ocrx_word' id='word_1_131' title='bbox 1341 1629 1405 1661; x_wconf 88' lang='lat' dir='ltr'><strong>an</strong></span> <span class='ocrx_word' id='word_1_132' title='bbox 1424 1613 1556 1661; x_wconf 88' lang='lat' dir='ltr'><strong>inter</strong></span> 
     </span>
     <span class='ocr_line' id='line_1_21' title="bbox 402 1687 1507 1746; baseline -0.005 -7"><span class='ocrx_word' id='word_1_133' title='bbox 402 1691 520 1739; x_wconf 85' lang='lat' dir='ltr'><strong>viles</strong></span> <span class='ocrx_word' id='word_1_134' title='bbox 539 1692 684 1746; x_wconf 73' lang='lat' dir='ltr'><strong>atque</strong></span> <span class='ocrx_word' id='word_1_135' title='bbox 701 1691 884 1737; x_wconf 82' lang='lat' dir='ltr'><strong>novos?</strong></span> <span class='ocrx_word' id='word_1_136' title='bbox 941 1688 1187 1736; x_wconf 82' lang='lat' dir='ltr'><strong>Excludat</strong></span> <span class='ocrx_word' id='word_1_137' title='bbox 1205 1688 1364 1744; x_wconf 76' lang='lat' dir='ltr'><strong>iurgia</strong></span> <span class='ocrx_word' id='word_1_138' title='bbox 1381 1687 1507 1734; x_wconf 83' lang='lat' dir='ltr'><strong>finis.</strong></span> 
     </span>
    </p>

    <p class='ocr_par' dir='ltr' id='par_1_9' title="bbox 403 1758 1765 1819">
     <span class='ocr_line' id='line_1_22' title="bbox 403 1758 1765 1819; baseline -0.003 -8"><span class='ocrx_word' id='word_1_139' title='bbox 403 1764 415 1786; x_wconf 91' lang='lat'>‘</span> <span class='ocrx_word' id='word_1_140' title='bbox 436 1765 530 1811; x_wconf 83' lang='lat' dir='ltr'><strong>Est</strong></span> <span class='ocrx_word' id='word_1_141' title='bbox 549 1765 690 1810; x_wconf 86' lang='lat' dir='ltr'><strong>vetus</strong></span> <span class='ocrx_word' id='word_1_142' title='bbox 711 1764 855 1819; x_wconf 83' lang='lat' dir='ltr'><strong>atque</strong></span> <span class='ocrx_word' id='word_1_143' title='bbox 867 1762 1045 1818; x_wconf 82' lang='lat' dir='ltr'><strong>probus</strong></span> <span class='ocrx_word' id='word_1_144' title='bbox 1066 1764 1261 1810; x_wconf 87' lang='lat' dir='ltr'><strong>centum</strong></span> <span class='ocrx_word' id='word_1_145' title='bbox 1274 1760 1357 1816; x_wconf 90' lang='lat' dir='ltr'><strong>qui</strong></span> <span class='ocrx_word' id='word_1_146' title='bbox 1378 1758 1566 1816; x_wconf 86' lang='lat' dir='ltr'><strong>perficit</strong></span> <span class='ocrx_word' id='word_1_147' title='bbox 1580 1759 1765 1807; x_wconf 57' lang='lat' dir='ltr'><strong>annos?</strong></span> 
     </span>
    </p>

    <p class='ocr_par' dir='ltr' id='par_1_10' title="bbox 321 1833 1630 2036">
     <span class='ocr_line' id='line_1_23' title="bbox 321 1833 1606 1895; baseline -0.002 -13"><span class='ocrx_word' id='word_1_148' title='bbox 321 1851 379 1893; x_wconf 91' lang='lat'><strong>40</strong></span> <span class='ocrx_word' id='word_1_149' title='bbox 403 1838 546 1895; x_wconf 84' lang='lat' dir='ltr'><strong>Quid,</strong></span> <span class='ocrx_word' id='word_1_150' title='bbox 568 1837 649 1893; x_wconf 87' lang='lat' dir='ltr'><strong>qui</strong></span> <span class='ocrx_word' id='word_1_151' title='bbox 668 1836 871 1893; x_wconf 88' lang='lat' dir='ltr'><strong>deperiit</strong></span> <span class='ocrx_word' id='word_1_152' title='bbox 892 1837 1050 1884; x_wconf 90' lang='lat' dir='ltr'><strong>minor</strong></span> <span class='ocrx_word' id='word_1_153' title='bbox 1067 1851 1166 1883; x_wconf 87' lang='lat' dir='ltr'><strong>uno</strong></span> <span class='ocrx_word' id='word_1_154' title='bbox 1185 1849 1346 1882; x_wconf 86' lang='lat' dir='ltr'><strong>mense</strong></span> <span class='ocrx_word' id='word_1_155' title='bbox 1367 1833 1443 1881; x_wconf 86' lang='lat' dir='ltr'><strong>vel</strong></span> <span class='ocrx_word' id='word_1_156' title='bbox 1463 1847 1606 1889; x_wconf 84' lang='lat' dir='ltr'><strong>anno,</strong></span> 
     </span>
     <span class='ocr_line' id='line_1_24' title="bbox 401 1903 1586 1962; baseline -0.004 -8"><span class='ocrx_word' id='word_1_157' title='bbox 401 1907 531 1954; x_wconf 87' lang='lat' dir='ltr'><strong>inter</strong></span> <span class='ocrx_word' id='word_1_158' title='bbox 545 1921 663 1962; x_wconf 87' lang='lat' dir='ltr'><strong>quos</strong></span> <span class='ocrx_word' id='word_1_159' title='bbox 684 1906 963 1953; x_wconf 78' lang='lat' dir='ltr'><strong>referendus</strong></span> <span class='ocrx_word' id='word_1_160' title='bbox 983 1905 1109 1953; x_wconf 82' lang='lat' dir='ltr'><strong>erit?</strong></span> <span class='ocrx_word' id='word_1_161' title='bbox 1134 1906 1382 1952; x_wconf 79' lang='lat' dir='ltr'><strong>veteresne</strong></span> <span class='ocrx_word' id='word_1_162' title='bbox 1402 1903 1586 1959; x_wconf 62' lang='lat' dir='ltr'><strong>poetas,</strong></span> 
     </span>
     <span class='ocr_line' id='line_1_25' title="bbox 404 1976 1630 2036; baseline -0.004 -9"><span class='ocrx_word' id='word_1_163' title='bbox 404 1995 467 2027; x_wconf 84' lang='lat' dir='ltr'><strong>an</strong></span> <span class='ocrx_word' id='word_1_164' title='bbox 486 1994 605 2036; x_wconf 85' lang='lat' dir='ltr'><strong>quos</strong></span> <span class='ocrx_word' id='word_1_165' title='bbox 625 1981 676 2026; x_wconf 86' lang='lat' dir='ltr'><strong>et</strong></span> <span class='ocrx_word' id='word_1_166' title='bbox 697 1994 927 2035; x_wconf 86' lang='lat' dir='ltr'><strong>praesens</strong></span> <span class='ocrx_word' id='word_1_167' title='bbox 948 1980 999 2026; x_wconf 90' lang='lat' dir='ltr'><strong>et</strong></span> <span class='ocrx_word' id='word_1_168' title='bbox 1020 1979 1219 2035; x_wconf 86' lang='lat' dir='ltr'><strong>postera</strong></span> <span class='ocrx_word' id='word_1_169' title='bbox 1238 1978 1440 2033; x_wconf 83' lang='lat' dir='ltr'><strong>respuat</strong></span> <span class='ocrx_word' id='word_1_170' title='bbox 1459 1976 1630 2023; x_wconf 82' lang='lat' dir='ltr'><strong>aetas?</strong></span> 
     </span>
    </p>

    <p class='ocr_par' dir='ltr' id='par_1_11' title="bbox 404 2048 1588 2183">
     <span class='ocr_line' id='line_1_26' title="bbox 405 2048 1571 2109; baseline -0.004 -10"><span class='ocrx_word' id='word_1_171' title='bbox 405 2053 417 2074; x_wconf 94' lang='lat'>‘</span> <span class='ocrx_word' id='word_1_172' title='bbox 434 2052 535 2100; x_wconf 84' lang='lat' dir='ltr'><strong>Iste</strong></span> <span class='ocrx_word' id='word_1_173' title='bbox 556 2051 746 2109; x_wconf 89' lang='lat' dir='ltr'><strong>quidem</strong></span> <span class='ocrx_word' id='word_1_174' title='bbox 767 2053 955 2100; x_wconf 86' lang='lat' dir='ltr'><strong>veteres</strong></span> <span class='ocrx_word' id='word_1_175' title='bbox 973 2050 1108 2098; x_wconf 90' lang='lat' dir='ltr'><strong>inter</strong></span> <span class='ocrx_word' id='word_1_176' title='bbox 1126 2050 1336 2106; x_wconf 89' lang='lat' dir='ltr'><strong>ponetur</strong></span> <span class='ocrx_word' id='word_1_177' title='bbox 1353 2048 1571 2105; x_wconf 85' lang='lat' dir='ltr'><strong>honeste,</strong></span> 
     </span>
     <span class='ocr_line' id='line_1_27' title="bbox 404 2122 1588 2183; baseline -0.004 -10"><span class='ocrx_word' id='word_1_178' title='bbox 404 2126 485 2183; x_wconf 90' lang='lat' dir='ltr'><strong>qui</strong></span> <span class='ocrx_word' id='word_1_179' title='bbox 503 2125 576 2173; x_wconf 82' lang='lat' dir='ltr'><strong>vel</strong></span> <span class='ocrx_word' id='word_1_180' title='bbox 595 2141 757 2174; x_wconf 85' lang='lat' dir='ltr'><strong>mense</strong></span> <span class='ocrx_word' id='word_1_181' title='bbox 777 2126 913 2173; x_wconf 85' lang='lat' dir='ltr'><strong>brevi</strong></span> <span class='ocrx_word' id='word_1_182' title='bbox 933 2124 1009 2173; x_wconf 86' lang='lat' dir='ltr'><strong>vel</strong></span> <span class='ocrx_word' id='word_1_183' title='bbox 1029 2126 1137 2172; x_wconf 87' lang='lat' dir='ltr'><strong>toto</strong></span> <span class='ocrx_word' id='word_1_184' title='bbox 1156 2125 1231 2171; x_wconf 90' lang='lat' dir='ltr'><strong>est</strong></span> <span class='ocrx_word' id='word_1_185' title='bbox 1249 2122 1409 2170; x_wconf 86' lang='lat' dir='ltr'><strong>iunior</strong></span> <span class='ocrx_word' id='word_1_186' title='bbox 1427 2122 1588 2169; x_wconf 84' lang='lat' dir='ltr'><strong>anno.’</strong></span> 
     </span>
    </p>

    <p class='ocr_par' dir='ltr' id='par_1_12' title="bbox 321 2195 1718 2471">
     <span class='ocr_line' id='line_1_28' title="bbox 321 2195 1538 2257; baseline -0.006 -8"><span class='ocrx_word' id='word_1_187' title='bbox 321 2204 377 2250; x_wconf 89' lang='lat'><strong>45</strong></span> <span class='ocrx_word' id='word_1_188' title='bbox 405 2199 533 2248; x_wconf 85' lang='lat' dir='ltr'><strong>Utor</strong></span> <span class='ocrx_word' id='word_1_189' title='bbox 552 2198 799 2257; x_wconf 89' lang='lat' dir='ltr'><strong>permisso,</strong></span> <span class='ocrx_word' id='word_1_190' title='bbox 821 2199 1098 2254; x_wconf 85' lang='lat' dir='ltr'><strong>caudaeque</strong></span> <span class='ocrx_word' id='word_1_191' title='bbox 1117 2197 1239 2253; x_wconf 87' lang='lat' dir='ltr'><strong>pilos</strong></span> <span class='ocrx_word' id='word_1_192' title='bbox 1258 2198 1317 2243; x_wconf 86' lang='lat' dir='ltr'><strong>ut</strong></span> <span class='ocrx_word' id='word_1_193' title='bbox 1336 2195 1538 2252; x_wconf 83' lang='lat' dir='ltr'><strong>equinae</strong></span> 
     </span>
     <span class='ocr_line' id='line_1_29' title="bbox 405 2265 1718 2326; baseline -0.005 -10"><span class='ocrx_word' id='word_1_194' title='bbox 405 2268 640 2326; x_wconf 84' lang='lat' dir='ltr'><strong>paulatim</strong></span> <span class='ocrx_word' id='word_1_195' title='bbox 661 2268 785 2316; x_wconf 80' lang='lat' dir='ltr'><strong>vello</strong></span> <span class='ocrx_word' id='word_1_196' title='bbox 800 2269 850 2315; x_wconf 91' lang='lat' dir='ltr'><strong>et</strong></span> <span class='ocrx_word' id='word_1_197' title='bbox 870 2268 1009 2314; x_wconf 90' lang='lat' dir='ltr'><strong>demo</strong></span> <span class='ocrx_word' id='word_1_198' title='bbox 1028 2281 1198 2323; x_wconf 90' lang='lat' dir='ltr'><strong>unum,</strong></span> <span class='ocrx_word' id='word_1_199' title='bbox 1220 2266 1362 2313; x_wconf 88' lang='lat' dir='ltr'><strong>demo</strong></span> <span class='ocrx_word' id='word_1_200' title='bbox 1379 2265 1528 2312; x_wconf 84' lang='lat' dir='ltr'><strong>etiam</strong></span> <span class='ocrx_word' id='word_1_201' title='bbox 1549 2277 1718 2320; x_wconf 83' lang='lat' dir='ltr'><strong>unum,</strong></span> 
     </span>
     <span class='ocr_line' id='line_1_30' title="bbox 404 2337 1459 2390; baseline -0.005 0"><span class='ocrx_word' id='word_1_202' title='bbox 404 2342 519 2390; x_wconf 87' lang='lat' dir='ltr'><strong>dum</strong></span> <span class='ocrx_word' id='word_1_203' title='bbox 541 2342 685 2389; x_wconf 84' lang='lat' dir='ltr'><strong>cadat</strong></span> <span class='ocrx_word' id='word_1_204' title='bbox 704 2341 865 2388; x_wconf 83' lang='lat' dir='ltr'><strong>elusus</strong></span> <span class='ocrx_word' id='word_1_205' title='bbox 880 2340 1068 2388; x_wconf 81' lang='lat' dir='ltr'><strong>ratione</strong></span> <span class='ocrx_word' id='word_1_206' title='bbox 1088 2339 1276 2386; x_wconf 87' lang='lat' dir='ltr'><strong>ruentis</strong></span> <span class='ocrx_word' id='word_1_207' title='bbox 1297 2337 1459 2386; x_wconf 84' lang='lat' dir='ltr'><strong>acervi</strong></span> 
     </span>
     <span class='ocr_line' id='line_1_31' title="bbox 404 2409 1652 2471; baseline -0.005 -9"><span class='ocrx_word' id='word_1_208' title='bbox 404 2415 484 2471; x_wconf 91' lang='lat' dir='ltr'><strong>qui</strong></span> <span class='ocrx_word' id='word_1_209' title='bbox 505 2415 632 2462; x_wconf 88' lang='lat' dir='ltr'><strong>redit</strong></span> <span class='ocrx_word' id='word_1_210' title='bbox 652 2412 703 2461; x_wconf 82' lang='lat' dir='ltr'><strong>in</strong></span> <span class='ocrx_word' id='word_1_211' title='bbox 724 2414 879 2460; x_wconf 78' lang='lat' dir='ltr'><strong>fastos</strong></span> <span class='ocrx_word' id='word_1_212' title='bbox 907 2415 957 2460; x_wconf 86' lang='lat' dir='ltr'><strong>et</strong></span> <span class='ocrx_word' id='word_1_213' title='bbox 977 2412 1212 2460; x_wconf 83' lang='lat' dir='ltr'><strong>virtutem</strong></span> <span class='ocrx_word' id='word_1_214' title='bbox 1233 2412 1462 2460; x_wconf 86' lang='lat' dir='ltr'><strong>aestimat</strong></span> <span class='ocrx_word' id='word_1_215' title='bbox 1491 2409 1652 2466; x_wconf 79' lang='lat' dir='ltr'><strong>aunis,</strong></span> 
     </span>
    </p>

    <p class='ocr_par' dir='ltr' id='par_1_13' title="bbox 501 2501 1269 2610">
     <span class='ocr_line' id='line_1_32' title="bbox 891 2501 1269 2537; baseline -0.005 0"><span class='ocrx_word' id='word_1_216' title='bbox 891 2505 933 2537; x_wconf 76' lang='lat'><strong>46</strong></span> <span class='ocrx_word' id='word_1_217' title='bbox 974 2501 1128 2537; x_wconf 81' lang='lat' dir='ltr'><strong>etitem</strong></span> <span class='ocrx_word' id='word_1_218' title='bbox 1143 2506 1269 2536; x_wconf 81' lang='lat' dir='ltr'><strong>unum</strong></span> 
     </span>
     <span class='ocr_line' id='line_1_33' title="bbox 501 2560 643 2610; baseline -0.014 -3"><span class='ocrx_word' id='word_1_219' title='bbox 501 2562 517 2607; x_wconf 76' lang='lat'>1</span> <span class='ocrx_word' id='word_1_220' title='bbox 537 2560 643 2610; x_wconf 85' lang='lat'><strong>274]</strong></span> 
     </span>
    </p>
   </div>
   <div class='ocr_carea' id='block_1_3' title="bbox 2097 455 2100 2939">
    <p class='ocr_par' dir='ltr' id='par_1_14' title="bbox 2097 455 2100 2939">
     <span class='ocr_line' id='line_1_34' title="bbox 2097 455 2100 2939; baseline 0 0"><span class='ocrx_word' id='word_1_221' title='bbox 2097 455 2100 2939; x_wconf 95' lang='lat' dir='ltr'><strong> </strong></span> 
     </span>
    </p>
   </div>
  </div>
 </body>
</html>
