2109 2975
775 177 1113 219 SATIRARUM
1147 177 1181 218 1.
1207 186 1252 217 Ν

333 278 504 336 saevit,
525 276 652 334 quod
670 276 923 326 meretrice
942 291 1092 333 nepos
1110 275 1309 323 insanus
1328 274 1485 323 amica

257 358 310 404 50
333 352 460 400 filius
480 367 678 399 uxorem
698 351 874 408 grandi
894 366 1004 397 cum
1023 350 1138 397 dote
1157 350 1363 406 recuset,
1425 349 1428 352 ’

332 425 494 472 ebrius
514 427 582 480 et,
603 440 836 481 magnum
855 424 983 480 quod
1002 423 1226 480 dedecus,
1248 422 1464 470 ambulet
1484 423 1600 470 ante

331 499 524 546 noctem
545 513 654 544 cum
675 497 897 545 facibus!
960 496 1215 552 Numquid
1235 496 1533 552 Pomponius
1553 495 1659 543 istis

332 570 523 617 audiret
540 569 737 626 leviora,
758 571 900 625 pater
919 569 960 617 si
980 569 1201 617 viveret?
1230 569 1367 627 Ergo

330 658 430 689 non
450 643 569 689 satis
588 644 664 690 est
684 643 819 699 puris
839 657 1034 690 versum
1053 642 1352 698 perscribere
1370 642 1547 698 verbis,

255 729 308 776 55
332 731 476 772 quem
496 716 536 762 si
556 716 804 773 dissolvas,
820 716 975 772 quivis
995 715 1329 764 stomachetur
1348 716 1515 763 eodem

332 805 428 845 quo
444 791 733 845 personatus
751 790 896 846 pacto
915 793 1073 845 pater.
1117 789 1230 847 His,
1243 804 1335 844 ego
1348 804 1472 845 quae
1481 805 1629 848 nunc,

331 862 446 909 olim
467 878 588 918 quae
608 862 803 918 scripsit
822 862 1060 918 Lucilius,
1080 862 1258 919 eripias
1278 862 1320 909 si

330 937 553 991 tempora
590 937 726 983 certa
762 936 1038 992 modosque,
1080 938 1132 983 et
1170 935 1297 991 quod
1337 936 1472 991 prius
1519 937 1686 983 ordine

443 1008 645 1056 verbum
665 1012 741 1057 est

333 1082 570 1137 posterius
590 1082 758 1138 facias,
780 1098 1081 1138 praeponens
1101 1081 1277 1129 ultima
1294 1082 1480 1139 primis,

249 1160 309 1203 60
333 1170 444 1211 non,
466 1156 583 1205 utsi
601 1157 758 1202 solvas
781 1156 791 1176 ‘
809 1155 1075 1211 Postquam
1096 1155 1354 1203 Discordia
1366 1157 1531 1203 taetra
1611 1206 1616 1211 ,

330 1228 444 1275 belli
464 1229 673 1278 ferratos
695 1230 856 1285 postes
877 1231 1138 1285 portasque
1158 1230 1398 1285 refregit:

328 1301 548 1348 invenias
567 1302 716 1349 ctiam
736 1302 924 1349 disiecti
943 1302 1163 1349 membra
1183 1304 1370 1358 poe‘tae.

330 1374 585 1422 Hactenus
606 1374 726 1422 haec
746 1395 758 1422 z
785 1374 906 1422 alias
926 1374 1111 1422 iustum
1127 1375 1192 1422 sit
1211 1389 1362 1422 necne
1381 1377 1570 1433 po'ema,

329 1463 460 1497 nunc
478 1448 599 1497 illud
619 1450 817 1497 tantum
839 1463 1088 1505 quaeram,
1110 1449 1344 1497 meritone
1363 1448 1457 1497 tibi
1477 1449 1541 1496 sit

247 1521 305 1576 65
331 1525 607 1578 suspectum
627 1538 781 1580 genus
800 1522 891 1570 hoc
912 1522 1170 1571 scribendi.
1238 1521 1430 1569 Sulcius
1450 1537 1562 1570 acer

331 1595 553 1642 ambulat
571 1598 623 1644 et
643 1597 868 1653 Caprius,
889 1596 1026 1644 rauci
1046 1595 1173 1644 male
1194 1610 1397 1651 cumque
1420 1594 1610 1653 libellis,

329 1684 535 1726 magnus
555 1672 759 1725 uterque
779 1670 926 1717 timor
942 1669 1240 1724 latronibus:
1275 1671 1327 1716 at
1346 1668 1468 1716 bene
1490 1669 1531 1715 si
1550 1669 1657 1725 quis

328 1745 380 1790 et
400 1742 536 1790 vivat
556 1743 691 1798 puris
711 1742 935 1791 manibus
955 1745 1240 1790 contemnat
1260 1744 1538 1799 utrumque.

330 1815 402 1862 Ut
423 1816 486 1862 sis
505 1817 563 1862 tu
583 1815 753 1862 similis
775 1816 912 1864 Caeli
930 1816 1158 1871 Birrique
1178 1816 1445 1873 latronum,

246 1905 306 1948 70
329 1904 428 1935 non
442 1904 532 1945 ego
552 1889 642 1936 sim
663 1889 812 1945 Capri
834 1904 991 1945 neque
1012 1888 1145 1935 Sulci
1164 1908 1177 1945 ;
1208 1903 1296 1935 cur
1314 1891 1504 1936 metuas
1525 1892 1630 1935 me?

328 1961 482 2009 Nulla
499 1961 704 2009 taberna
724 1978 854 2010 meos
874 1962 1054 2010 habeat
1074 1977 1227 2018 neque
1247 1962 1349 2018 pila
1367 1962 1569 2019 libellos,

328 2036 433 2092 quis
453 2052 626 2084 manus
644 2036 840 2084 insudet
859 2036 996 2093 vulg-i
1017 2036 1435 2093 Hermogenisque
1459 2036 1651 2093 Tigelli.

327 2110 434 2157 Nec
453 2109 604 2156 recito
622 2109 845 2165 cuiquam
865 2109 957 2156 nisi
977 2109 1162 2167 amicis,
1183 2109 1325 2165 idque
1345 2111 1557 2166 coactuS,

328 2198 425 2229 non
446 2183 601 2230 ubivis
621 2199 841 2230 coramve
862 2182 1168 2239 quibuslibet.
1231 2183 1292 2229 In
1312 2182 1468 2230 medio
1488 2183 1571 2240 qui

247 2270 304 2315 75
330 2256 513 2311 scripta
531 2256 638 2303 foro
657 2256 862 2304 recitent
882 2257 998 2303 sunt
1017 2254 1165 2302 multi
1183 2255 1357 2311 quique
1377 2255 1599 2303 lavantes
1618 2275 1631 2303 ε

330 2345 475 2376 suave
496 2329 629 2377 locus
648 2329 753 2377 voci
772 2331 967 2377 resonat
988 2328 1259 2377 conclusus.
1319 2328 1498 2376 Inanes

330 2402 419 2450 hoc
438 2402 593 2460 iuvat,
614 2403 746 2451 haud
764 2402 886 2450 illud
906 2403 1210 2459 quaerentes,
1232 2417 1348 2449 num
1372 2402 1473 2450 sine
1494 2416 1655 2458 sensu,

877 2492 919 2528 ’70
959 2501 1027 2533 ego
1040 2501 1131 2527 sum

428 2549 445 2596 [
465 2550 568 2600 177]
