2109 2975
722 190 1061 233 SATIRARUM
1095 192 1156 233 ΙΙ.
1181 202 1216 233 11

279 286 478 345 invidia,
500 289 550 335 et
570 288 741 345 fragili
757 305 988 345 quaerens
1005 290 1188 339 illidere
1209 292 1400 340 dentem

278 362 495 408 offendet
516 362 696 419 solido;
726 363 820 409 uisi
840 364 952 418 quid
972 365 1047 420 tu,
1071 365 1209 412 docte
1230 366 1446 422 Trebati,

278 434 523 482 dissentis.
585 435 598 456 ⁶
613 434 849 491 Equidem
870 436 991 483 nihil
1011 437 1124 484 hinc
1144 438 1390 487 diffindere
1410 455 1601 496 possum
1619 459 1632 496 ;

196 508 253 549 80
278 506 364 553 sed
382 508 548 554 tamen
569 510 626 554 ut
645 509 858 556 monitus
879 525 1067 566 caveas,
1088 526 1149 557 ne
1167 510 1294 557 forte
1312 513 1478 569 negoti

276 580 488 627 incutiat
507 580 597 627 tibi
616 582 731 636 quid
750 581 1030 629 sanctarum
1047 581 1242 631 inscitia
1259 583 1422 640 legum
1444 605 1460 633 .-

277 652 321 699 si
340 653 470 701 mala.
490 654 759 701 condiderit
778 654 830 701 in
849 670 989 711 quem
1011 656 1117 712 quis
1139 658 1370 715 carmina,
1392 658 1467 705 ius
1488 661 1562 706 est

277 726 636 783 iudiciumque.'
706 729 842 785 Este,
886 729 931 776 si
965 730 1071 785 quis
1110 730 1267 787 mala3
1316 732 1399 781 sed
1436 732 1564 780 bona
1602 734 1645 781 si

392 816 518 856 qms.

277 873 434 921 iudice
455 874 721 922 condiderit
740 875 970 922 laudatus
992 877 1232 924 Caesare?
1253 877 1293 924 si
1313 880 1419 934 quis

196 945 251 1001 85
277 947 545 1001 opprobriis
567 948 764 1004 dignum
785 948 1057 1005 latraverit,
1078 949 1269 1005 integer
1286 951 1420 1006 ipse?

279 1020 292 1040 ‘
311 1020 572 1068 Solventur
591 1021 694 1068 risu
712 1020 925 1078 tabulae,
942 1023 1000 1068 tu
1021 1021 1194 1069 missus
1214 1023 1400 1071 abibis?

933 1248 987 1295 Π

279 1371 440 1427 QUAE
462 1371 618 1418 virtus
641 1373 689 1419 et
709 1374 910 1428 quanta,
934 1371 1064 1428 boni,
1088 1372 1151 1419 sit
1166 1372 1329 1419 vivere
1350 1388 1501 1428 parvo

280 1447 383 1500 (nec
405 1460 539 1494 meus
559 1444 638 1493 hic
659 1460 816 1493 sermo
835 1448 925 1502 est,
941 1445 1027 1494 sed
1045 1460 1167 1502 quae
1186 1446 1434 1503 praecepit
1450 1446 1638 1494 Ofellus

278 1519 508 1576 rusticus,
529 1519 771 1566 abnormis
792 1519 1001 1577 sapiens,
1022 1535 1279 1575 crassaque
1300 1519 1562 1576 Minerva,)

279 1592 464 1648 discite,
486 1607 582 1649 non
603 1592 733 1638 inter
750 1592 912 1639 lances
933 1607 1217 1648 mensasque
1237 1591 1448 1638 nitentes

228 1679 254 1724 5
280 1681 387 1712 cum
409 1667 574 1721 stupet
594 1665 775 1711 insanis
796 1666 920 1712 acies
940 1665 1211 1721 fulgoribus
1232 1666 1282 1711 et
1303 1680 1418 1713 cum.

278 1737 472 1785 acclinis
493 1738 628 1785 falsis
648 1739 837 1785 animus
859 1738 1057 1785 meliora.
1075 1742 1284 1795 recusat,

277 1827 444 1858 verum
464 1811 542 1859 hic
561 1811 797 1867 impransi
817 1828 1005 1859 mecum
1026 1812 1294 1869 disquirite.
1355 1814 1456 1859 Cur
1476 1812 1598 1859 hoc?

278 1885 451 1932 Dicam
473 1885 512 1932 si
531 1888 721 1941 potere.
778 1885 909 1932 Male
929 1901 1097 1931 verum
1117 1885 1361 1932 examinat
1381 1885 1535 1932 omnis

278 1960 533 2014 corruptus
552 1959 716 2009 iudex.
772 1959 1007 2014 Leporem
1027 1960 1241 2007 sectatus
1262 1974 1446 2014 equove

203 2047 255 2077 10
278 2032 430 2078 lassus
451 2032 511 2078 ab
533 2032 780 2089 indomito,
803 2032 878 2079 vel
899 2032 938 2079 si
959 2034 1180 2079 Romana.
1196 2032 1374 2088 fatigat

278 2104 450 2152 militia
471 2108 717 2153 assuetum
736 2105 973 2162 graecari,
996 2122 1081 2152 seu
1101 2105 1199 2161 pila.
1218 2105 1360 2152 velox

279 2178 486 2224 molliter
506 2180 754 2226 austerum
776 2178 936 2225 studio
956 2179 1157 2225 fallente
1178 2172 1409 2234 laborem,

280 2267 369 2299 seu.
382 2253 430 2298 te
452 2252 611 2298 discus
632 2252 751 2308 agit,
774 2253 884 2308 pete
906 2252 1149 2298 cedentem
1170 2253 1286 2298 aera
1304 2250 1432 2298 disco
1454 2269 1464 2305 3

281 2340 387 2372 cum
407 2324 542 2371 labor
562 2325 804 2372 extuderit
824 2325 1038 2380 fastidia,
1064 2324 1231 2380 siccus,
1253 2324 1409 2370 inanis

209 2417 260 2466 15
282 2414 448 2454 sperne
470 2398 627 2445 cibum
647 2398 820 2454 vilem3
850 2398 941 2444 nisi
962 2398 1220 2453 Hymettia.
1238 2397 1382 2444 mella
1401 2396 1608 2443 Falerno

515 2500 555 2531 ’79
596 2495 792 2536 diffingere
1160 2499 1178 2529 3
1220 2494 1396 2529 abnormi

376 2555 515 2601 [201]
1406 2552 1465 2598 [st
1483 2551 1538 2599 3]
