2109 2975
273 594 326 639 Ι5

259 2354 315 2385 10

752 194 1071 238 ΟΑΒΜῙΝΠΜ
1105 196 1187 236 111.
1213 206 1269 243 lx,
1292 207 1321 237 x

411 304 498 344 pro
515 306 612 346 qua
630 307 728 338 non
749 294 965 341 metuam
986 295 1127 352 mori,

462 361 502 408 si
521 366 726 418 parcent
746 365 936 414 animae
956 368 1066 414 fata
1086 369 1352 424 superstiti.

407 434 489 481 Me
507 435 664 484 torret
682 438 790 487 face
811 441 985 487 mutua

462 508 668 558 Thurini
687 511 853 560 Calais
873 512 1000 561 filius
1021 514 1215 572 Ornyti,

406 595 494 636 pro
512 597 606 637 quo
623 583 697 631 bis
716 585 878 640 patiar
895 586 1034 644 mori,

462 655 503 701 si
520 659 723 711 parcent
743 674 895 714 puero
913 659 1022 708 fata
1040 661 1307 718 superstiti.

406 727 548 785 Quid,
571 729 611 775 si
629 730 790 786 prisca
809 731 936 779 redit
955 733 1121 780 Venus

461 800 774 860 diductosque
795 804 911 860 iugo
930 805 1062 861 cogit
1082 810 1248 865 ae‘neo,

406 871 447 919 si
466 873 592 922 flava
611 877 860 924 excutitur
884 878 1033 927 Chlo‘e

459 945 756 1004 reiectaeque
777 951 947 1005 patet
932 966 1083 999 ianua
1102 952 1308 1010 Lydiae
1293 963 1313 1001 τ’

407 1012 709 1071 Quamquam
730 1018 884 1067 sidere
904 1020 1156 1075 pulchrior

458 1086 539 1135 ille
558 1091 651 1146 est,
671 1092 732 1137 tu
758 1090 910 1139 levior
929 1094 1109 1141 cortice
1129 1095 1180 1141 et
1200 1095 1418 1151 improbo

401 1158 678 1210 iracundior
695 1163 902 1222 Hadria,

457 1234 620 1282 tecum
641 1235 802 1286 vivere
823 1253 997 1297 amem,
1020 1242 1183 1288 tecum
1203 1241 1372 1290 obeam
1393 1241 1563 1290 libens.

989 1502 1035 1550 X

483 1603 810 1654 EXTREMUM
833 1608 1020 1655 Tanain
1042 1609 1306 1667 adhiberes,
1328 1606 1479 1668 Lyce,‘

482 1691 624 1723 saevo
642 1680 800 1735 nupta
819 1680 940 1738 viro,
963 1697 1040 1728 me
1061 1684 1226 1730 tamen
1246 1699 1440 1739 asperas

485 1753 762 1804 porrectum
785 1754 901 1801 ante
920 1753 1049 1801 fores
1072 1754 1258 1803 obicere
1276 1755 1443 1802 incolis

598 1824 817 1879 plorares
838 1825 1174 1882 Aquilonibus.

484 1924 637 1981 Audis
656 1949 750 1991 quo
769 1927 1014 1994 strepitu
1000 1928 1165 1996 lanua,
1188 1929 1283 1995 quo
1296 1949 1481 1987 nemus·

481 2005 608 2053 inter
627 2006 833 2063 pulchra
853 2012 1016 2058 satum
1035 2013 1171 2060 tecta
1188 2013 1429 2070 remugiat
1474 2042 1480 2048 -

479 2079 653 2136 ventis,
675 2083 725 2128 et
745 2081 926 2138 positas
946 2086 1005 2130 ut
1025 2084 1203 2143 glaciet
1220 2086 1357 2134 nives
1469 2093 1474 2098 '

591 2168 713 2208 puro
733 2155 929 2203 numine
949 2156 1207 2213 Iuppiter?

480 2262 736 2320 Ingratam
756 2265 936 2315 Veneri
955 2283 1081 2324 pone
1101 2271 1391 2328 snperbiam,

481 2349 542 2381 ne
563 2339 788 2385 currente
805 2342 940 2387 retro
959 2340 1094 2388 funis
1114 2344 1195 2390 eat
1214 2345 1337 2391 rota.

481 2423 577 2455 non
598 2411 648 2457 te
670 2410 943 2468 Penelopen
964 2414 1202 2463 difficilem
1223 2417 1379 2473 procis
1457 2448 1475 2468 ιι

566 2480 846 2537 Tyrrhenus
866 2487 1034 2541 genuit
1056 2503 1246 2543 parens.

442 2549 556 2599 [85]
