2109 2975
360 701 413 731 10

359 1114 409 1162 Ι5

350 2323 403 2353 10

1009 171 1229 212 HORATI

611 281 757 329 cogor
777 267 970 317 relictos
986 289 999 315 ι
1029 278 1237 325 namque
1258 267 1520 330 Diespiter,

609 342 711 400 igni
731 357 928 390 corusco
945 342 1115 389 nubila
1132 342 1350 390 dividens

664 415 961 472 plerumque,
982 432 1071 473 per
1089 432 1266 473 purum
1286 419 1513 467 tonantes

722 490 823 546 egit
842 505 986 546 equos
1007 490 1344 547 volucremque
1364 508 1579 549 currum,

610 629 704 670 quo
722 613 870 661 bruta
889 613 1034 661 tellus
1055 614 1106 661 et
1126 630 1253 672 vaga
1272 615 1490 673 flumina,

607 702 702 743 quo
721 687 844 743 Styx
863 689 914 734 et
932 687 1077 735 invisi
1094 688 1295 737 horrida
1314 689 1524 739 Taenari

664 760 799 809 sedes
818 760 1174 817 Atlanteusque
1193 762 1302 810 finis

720 834 1011 884 concutitur.
1073 835 1219 883 Valet
1238 835 1337 885 ima
1365 837 1565 885 summis

605 958 798 1005 mutare
819 960 869 1005 et
888 958 1124 1017 insignem
1144 961 1373 1009 attenuat
1388 961 1507 1010 deus

605 1031 811 1079 obscura
829 1037 1054 1088 promens
1071 1052 1082 1090 ;
1111 1032 1224 1081 hinc
1246 1034 1430 1090 apicem
1449 1050 1603 1092 rapax

663 1104 863 1152 fortuna
882 1120 992 1153 cum
1006 1106 1220 1154 ,stridore
1240 1109 1385 1155 acuto

719 1178 934 1234 sustulit,
954 1177 1033 1226 hic
1053 1179 1267 1236 posuisse
1290 1182 1486 1237 gaudet.

1015 1438 1207 1489 XXXV

604 1554 646 1601 Ο
666 1566 822 1613 DIVA,
842 1558 1043 1613 gratum
1064 1572 1187 1613 quae
1206 1555 1332 1613 regis
1352 1556 1575 1616 Antium,

603 1643 829 1684 praesens
849 1627 924 1676 vel
945 1629 1042 1676 imo
1063 1628 1232 1676 tollere
1253 1630 1311 1676 de
1330 1630 1488 1686 gradu

658 1695 871 1748 mortale⁸
886 1717 1061 1757 corpus
1082 1702 1159 1749 vel
1180 1703 1411 1758 superbos

602 1779 607 1784 '
710 1775 903 1821 vertere
923 1774 1176 1822 funeribus
1196 1776 1485 1834 triumphos,

599 1898 649 1945 te
668 1912 855 1953 pauper
873 1898 1027 1946 ambit
1045 1900 1255 1949 sollicita
1272 1917 1415 1960 prece

599 1970 728 2018 ruris
749 1969 961 2029 colonus,
983 1973 1033 2019 te
1055 1973 1301 2024 dominam
1321 1976 1559 2034 aequoris,

654 2044 937 2101 quicumque
957 2046 1175 2105 Bithyna
1201 2050 1395 2098 lacessit

712 2117 1034 2176 Carpathium
1056 2123 1258 2182 pelagus
1279 2124 1460 2173 carina.

600 2239 675 2288 Te
688 2239 856 2291 Dacus
874 2256 1034 2302 asper,
1054 2246 1107 2293 te
1126 2245 1322 2302 profugi
1342 2244 1568 2304 Scythae,

598 2312 832 2372 urbesque
852 2320 1115 2376 gentesque
1133 2318 1401 2372 etLatium
1421 2320 1558 2369 ferox

655 2404 918 2447 regumque
938 2395 1121 2440 matres
1141 2391 1460 2442 barbarorum
1479 2397 1530 2443 et

710 2465 940 2520 purpurei
961 2467 1189 2514 metuunt
1208 2468 1424 2525 tyranni,

524 2535 636 2584 [40]
