<?xml version="1.0" encoding="UTF-8"?>
<!DOCTYPE html PUBLIC "-//W3C//DTD XHTML 1.0 Transitional//EN"
    "http://www.w3.org/TR/xhtml1/DTD/xhtml1-transitional.dtd">
<html xmlns="http://www.w3.org/1999/xhtml" xml:lang="en" lang="en">
 <head>
  <title>
</title>
<meta http-equiv="Content-Type" content="text/html;charset=utf-8" />
  <meta name='ocr-system' content='tesseract 3.04.00' />
  <meta name='ocr-capabilities' content='ocr_page ocr_carea ocr_par ocr_line ocrx_word'/>
</head>
<body>
  <div class='ocr_page' id='page_1' title='image "./operaomnia06unkngoog_0292.png"; bbox 0 0 2109 2975; ppageno 0'>
   <div class='ocr_carea' id='block_1_1' title="bbox 990 197 1212 252">
    <p class='ocr_par' dir='ltr' id='par_1_1' title="bbox 990 197 1212 252">
     <span class='ocr_line' id='line_1_1' title="bbox 990 197 1212 252; baseline 0.005 -2"><span class='ocrx_word' id='word_1_1' title='bbox 990 197 1212 252; x_wconf 63' lang='lat' dir='ltr'><strong>nomm</strong></span> 
     </span>
    </p>
   </div>
   <div class='ocr_carea' id='block_1_2' title="bbox 311 308 1771 2495">
    <p class='ocr_par' dir='ltr' id='par_1_2' title="bbox 422 308 1641 368">
     <span class='ocr_line' id='line_1_2' title="bbox 422 308 1641 368; baseline 0.004 -14"><span class='ocrx_word' id='word_1_2' title='bbox 422 322 532 355; x_wconf 83' lang='lat' dir='ltr'><strong>cum</strong></span> <span class='ocrx_word' id='word_1_3' title='bbox 553 310 737 365; x_wconf 73' lang='lat' dir='ltr'><strong>segetes</strong></span> <span class='ocrx_word' id='word_1_4' title='bbox 757 310 894 357; x_wconf 80' lang='lat' dir='ltr'><strong>occat</strong></span> <span class='ocrx_word' id='word_1_5' title='bbox 913 308 1005 355; x_wconf 88' lang='lat' dir='ltr'><strong>tibi</strong></span> <span class='ocrx_word' id='word_1_6' title='bbox 1025 324 1136 356; x_wconf 87' lang='lat' dir='ltr'><strong>mox</strong></span> <span class='ocrx_word' id='word_1_7' title='bbox 1154 309 1404 358; x_wconf 83' lang='lat' dir='ltr'><strong>frumenta</strong></span> <span class='ocrx_word' id='word_1_8' title='bbox 1423 310 1641 368; x_wconf 80' lang='lat' dir='ltr'><strong>datm-as,</strong></span> 
     </span>
    </p>

    <p class='ocr_par' dir='ltr' id='par_1_3' title="bbox 420 380 1726 585">
     <span class='ocr_line' id='line_1_3' title="bbox 420 380 1726 448; baseline 0.002 -20"><span class='ocrx_word' id='word_1_9' title='bbox 420 382 470 428; x_wconf 85' lang='lat' dir='ltr'><strong>te</strong></span> <span class='ocrx_word' id='word_1_10' title='bbox 489 380 736 429; x_wconf 85' lang='lat' dir='ltr'><strong>dominnm</strong></span> <span class='ocrx_word' id='word_1_11' title='bbox 757 381 923 428; x_wconf 84' lang='lat' dir='ltr'><strong>sentit.</strong></span> <span class='ocrx_word' id='word_1_12' title='bbox 984 382 1088 428; x_wconf 81' lang='lat' dir='ltr'><strong>Das</strong></span> <span class='ocrx_word' id='word_1_13' title='bbox 1108 397 1347 448; x_wconf 83' lang='lat' dir='ltr'><strong>nummos,</strong></span> <span class='ocrx_word' id='word_1_14' title='bbox 1367 383 1544 439; x_wconf 79' lang='lat' dir='ltr'><strong>accipis</strong></span> <span class='ocrx_word' id='word_1_15' title='bbox 1563 398 1726 441; x_wconf 84' lang='lat' dir='ltr'><strong>uvam,</strong></span> 
     </span>
     <span class='ocr_line' id='line_1_4' title="bbox 421 453 1618 512; baseline 0.003 -12"><span class='ocrx_word' id='word_1_16' title='bbox 421 453 593 511; x_wconf 85' lang='lat' dir='ltr'><strong>pullos,</strong></span> <span class='ocrx_word' id='word_1_17' title='bbox 615 469 721 511; x_wconf 84' lang='lat' dir='ltr'><strong>ova,</strong></span> <span class='ocrx_word' id='word_1_18' title='bbox 744 453 917 501; x_wconf 84' lang='lat' dir='ltr'><strong>cadum</strong></span> <span class='ocrx_word' id='word_1_19' title='bbox 938 455 1108 502; x_wconf 81' lang='lat' dir='ltr'><strong>temeti</strong></span> <span class='ocrx_word' id='word_1_20' title='bbox 1128 475 1140 502; x_wconf 71' lang='lat' dir='ltr'><strong><em>z</em></strong></span> <span class='ocrx_word' id='word_1_21' title='bbox 1170 469 1343 512; x_wconf 83' lang='lat' dir='ltr'>nempe</span> <span class='ocrx_word' id='word_1_22' title='bbox 1362 456 1504 505; x_wconf 87' lang='lat' dir='ltr'><strong>modo</strong></span> <span class='ocrx_word' id='word_1_23' title='bbox 1521 457 1618 504; x_wconf 84' lang='lat' dir='ltr'><strong>isto</strong></span> 
     </span>
     <span class='ocr_line' id='line_1_5' title="bbox 421 527 1596 585; baseline 0.002 -11"><span class='ocrx_word' id='word_1_24' title='bbox 421 527 654 583; x_wconf 85' lang='lat' dir='ltr'><strong>paulatim</strong></span> <span class='ocrx_word' id='word_1_25' title='bbox 675 528 904 576; x_wconf 82' lang='lat' dir='ltr'><strong>merearis</strong></span> <span class='ocrx_word' id='word_1_26' title='bbox 925 542 1116 585; x_wconf 70' lang='lat' dir='ltr'><strong>agrum,</strong></span> <span class='ocrx_word' id='word_1_27' title='bbox 1137 528 1346 576; x_wconf 83' lang='lat' dir='ltr'><strong>fortasse</strong></span> <span class='ocrx_word' id='word_1_28' title='bbox 1364 530 1596 576; x_wconf 75' lang='lat' dir='ltr'>trecentis</span> 
     </span>
    </p>

    <p class='ocr_par' dir='ltr' id='par_1_4' title="bbox 318 601 1757 951">
     <span class='ocr_line' id='line_1_6' title="bbox 318 601 1643 663; baseline 0.001 -15"><span class='ocrx_word' id='word_1_29' title='bbox 318 605 396 663; x_wconf 87' lang='lat'><strong>165</strong></span> <span class='ocrx_word' id='word_1_30' title='bbox 421 601 510 647; x_wconf 87' lang='lat' dir='ltr'><strong>aut</strong></span> <span class='ocrx_word' id='word_1_31' title='bbox 526 601 675 648; x_wconf 84' lang='lat' dir='ltr'><strong>etiam</strong></span> <span class='ocrx_word' id='word_1_32' title='bbox 696 617 846 657; x_wconf 83' lang='lat' dir='ltr'><strong>supra</strong></span> <span class='ocrx_word' id='word_1_33' title='bbox 864 616 1175 649; x_wconf 85' lang='lat' dir='ltr'><strong>nummorum</strong></span> <span class='ocrx_word' id='word_1_34' title='bbox 1195 601 1389 649; x_wconf 86' lang='lat' dir='ltr'><strong>milibus</strong></span> <span class='ocrx_word' id='word_1_35' title='bbox 1407 604 1643 658; x_wconf 85' lang='lat' dir='ltr'><strong>emptum.</strong></span> 
     </span>
     <span class='ocr_line' id='line_1_7' title="bbox 423 673 1575 731; baseline 0 -10"><span class='ocrx_word' id='word_1_36' title='bbox 423 673 550 730; x_wconf 83' lang='lat' dir='ltr'><strong>Quid</strong></span> <span class='ocrx_word' id='word_1_37' title='bbox 568 674 721 722; x_wconf 81' lang='lat' dir='ltr'><strong>refert</strong></span> <span class='ocrx_word' id='word_1_38' title='bbox 741 674 877 722; x_wconf 79' lang='lat' dir='ltr'><strong>vivas</strong></span> <span class='ocrx_word' id='word_1_39' title='bbox 896 676 1157 722; x_wconf 82' lang='lat' dir='ltr'><strong>numerato</strong></span> <span class='ocrx_word' id='word_1_40' title='bbox 1175 690 1332 731; x_wconf 86' lang='lat' dir='ltr'><strong>nuper</strong></span> <span class='ocrx_word' id='word_1_41' title='bbox 1347 690 1410 722; x_wconf 85' lang='lat' dir='ltr'><strong>an</strong></span> <span class='ocrx_word' id='word_1_42' title='bbox 1428 673 1575 722; x_wconf 75' lang='lat' dir='ltr'><strong>olim?</strong></span> 
     </span>
     <span class='ocr_line' id='line_1_8' title="bbox 420 746 1560 804; baseline 0.002 -11"><span class='ocrx_word' id='word_1_43' title='bbox 420 746 628 802; x_wconf 86' lang='lat' dir='ltr'><strong>Emptor</strong></span> <span class='ocrx_word' id='word_1_44' title='bbox 645 746 831 794; x_wconf 80' lang='lat' dir='ltr'><strong>Aricini</strong></span> <span class='ocrx_word' id='word_1_45' title='bbox 850 747 1111 804; x_wconf 87' lang='lat' dir='ltr'><strong>quondam,</strong></span> <span class='ocrx_word' id='word_1_46' title='bbox 1131 747 1349 795; x_wconf 73' lang='lat' dir='ltr'><strong>Veientis</strong></span> <span class='ocrx_word' id='word_1_47' title='bbox 1368 749 1420 795; x_wconf 87' lang='lat' dir='ltr'><strong>et</strong></span> <span class='ocrx_word' id='word_1_48' title='bbox 1438 748 1560 804; x_wconf 79' lang='lat' dir='ltr'><strong>arvi,</strong></span> 
     </span>
     <span class='ocr_line' id='line_1_9' title="bbox 420 819 1757 878; baseline 0.001 -11"><span class='ocrx_word' id='word_1_49' title='bbox 420 822 637 876; x_wconf 88' lang='lat' dir='ltr'><strong>emptum</strong></span> <span class='ocrx_word' id='word_1_50' title='bbox 654 822 797 868; x_wconf 77' lang='lat' dir='ltr'><strong>eenat</strong></span> <span class='ocrx_word' id='word_1_51' title='bbox 818 819 941 878; x_wconf 82' lang='lat' dir='ltr'><strong>olus,</strong></span> <span class='ocrx_word' id='word_1_52' title='bbox 970 821 1190 876; x_wconf 83' lang='lat' dir='ltr'><strong>quamvis</strong></span> <span class='ocrx_word' id='word_1_53' title='bbox 1211 820 1356 869; x_wconf 83' lang='lat' dir='ltr'><strong>aliter</strong></span> <span class='ocrx_word' id='word_1_54' title='bbox 1375 822 1521 877; x_wconf 85' lang='lat' dir='ltr'><strong>putat</strong></span> <span class='ocrx_word' id='word_1_55' title='bbox 1539 839 1550 877; x_wconf 88' lang='grc'>;</span> <span class='ocrx_word' id='word_1_56' title='bbox 1581 819 1757 878; x_wconf 85' lang='lat' dir='ltr'><strong>emptis</strong></span> 
     </span>
     <span class='ocr_line' id='line_1_10' title="bbox 420 893 1629 951; baseline 0.001 -11"><span class='ocrx_word' id='word_1_57' title='bbox 420 894 510 940; x_wconf 86' lang='lat' dir='ltr'><strong>sub</strong></span> <span class='ocrx_word' id='word_1_58' title='bbox 529 895 721 942; x_wconf 81' lang='lat' dir='ltr'><strong>noctem</strong></span> <span class='ocrx_word' id='word_1_59' title='bbox 741 893 951 951; x_wconf 79' lang='lat' dir='ltr'><strong>gelidam</strong></span> <span class='ocrx_word' id='word_1_60' title='bbox 970 893 1117 951; x_wconf 75' lang='lat' dir='ltr'><strong>lignis</strong></span> <span class='ocrx_word' id='word_1_61' title='bbox 1139 894 1400 944; x_wconf 69' lang='lat' dir='ltr'><strong>calefactat</strong></span> <span class='ocrx_word' id='word_1_62' title='bbox 1420 896 1595 942; x_wconf 60' lang='lat' dir='ltr'><strong>alinum</strong></span> <span class='ocrx_word' id='word_1_63' title='bbox 1616 913 1629 951; x_wconf 82' lang='lat'>3</span> 
     </span>
    </p>

    <p class='ocr_par' dir='ltr' id='par_1_5' title="bbox 317 965 1771 1245">
     <span class='ocr_line' id='line_1_11' title="bbox 317 965 1695 1028; baseline -0.001 -12"><span class='ocrx_word' id='word_1_64' title='bbox 317 985 398 1028; x_wconf 83' lang='lat'><strong>170</strong></span> <span class='ocrx_word' id='word_1_65' title='bbox 420 967 501 1015; x_wconf 85' lang='lat' dir='ltr'><strong>sed</strong></span> <span class='ocrx_word' id='word_1_66' title='bbox 519 969 659 1015; x_wconf 81' lang='lat' dir='ltr'><strong>vocat</strong></span> <span class='ocrx_word' id='word_1_67' title='bbox 678 982 829 1024; x_wconf 85' lang='lat' dir='ltr'><strong>usque</strong></span> <span class='ocrx_word' id='word_1_68' title='bbox 850 982 1009 1025; x_wconf 87' lang='lat' dir='ltr'><strong>suum,</strong></span> <span class='ocrx_word' id='word_1_69' title='bbox 1031 982 1128 1024; x_wconf 88' lang='lat' dir='ltr'><strong>qua</strong></span> <span class='ocrx_word' id='word_1_70' title='bbox 1146 968 1352 1024; x_wconf 85' lang='lat' dir='ltr'><strong>populus</strong></span> <span class='ocrx_word' id='word_1_71' title='bbox 1372 965 1532 1015; x_wconf 77' lang='lat' dir='ltr'><strong>adsita</strong></span> <span class='ocrx_word' id='word_1_72' title='bbox 1550 967 1695 1015; x_wconf 82' lang='lat' dir='ltr'><strong>certis</strong></span> 
     </span>
     <span class='ocr_line' id='line_1_12' title="bbox 419 1040 1533 1098; baseline -0.001 -10"><span class='ocrx_word' id='word_1_73' title='bbox 419 1040 652 1088; x_wconf 86' lang='lat' dir='ltr'><strong>limitibus</strong></span> <span class='ocrx_word' id='word_1_74' title='bbox 673 1041 833 1089; x_wconf 79' lang='lat' dir='ltr'><strong>vicina</strong></span> <span class='ocrx_word' id='word_1_75' title='bbox 851 1041 1036 1098; x_wconf 71' lang='lat' dir='ltr'><strong>refugit</strong></span> <span class='ocrx_word' id='word_1_76' title='bbox 1064 1041 1254 1098; x_wconf 72' lang='lat' dir='ltr'><strong>iurgia3</strong></span> <span class='ocrx_word' id='word_1_77' title='bbox 1283 1042 1533 1097; x_wconf 83' lang='lat' dir='ltr'><strong>tamquam</strong></span> 
     </span>
     <span class='ocr_line' id='line_1_13' title="bbox 418 1113 1760 1171; baseline 0 -10"><span class='ocrx_word' id='word_1_78' title='bbox 418 1114 482 1161; x_wconf 84' lang='lat' dir='ltr'><strong>sit</strong></span> <span class='ocrx_word' id='word_1_79' title='bbox 502 1115 750 1171; x_wconf 80' lang='lat' dir='ltr'><strong>proprium</strong></span> <span class='ocrx_word' id='word_1_80' title='bbox 772 1115 1042 1171; x_wconf 76' lang='lat' dir='ltr'><strong>quiequam,</strong></span> <span class='ocrx_word' id='word_1_81' title='bbox 1066 1116 1248 1170; x_wconf 85' lang='lat' dir='ltr'><strong>puncto</strong></span> <span class='ocrx_word' id='word_1_82' title='bbox 1266 1116 1393 1171; x_wconf 84' lang='lat' dir='ltr'><strong>quod</strong></span> <span class='ocrx_word' id='word_1_83' title='bbox 1412 1114 1600 1162; x_wconf 86' lang='lat' dir='ltr'><strong>mobilis</strong></span> <span class='ocrx_word' id='word_1_84' title='bbox 1611 1113 1760 1162; x_wconf 84' lang='lat' dir='ltr'><strong>horae</strong></span> 
     </span>
     <span class='ocr_line' id='line_1_14' title="bbox 417 1188 1771 1245; baseline 0.001 -11"><span class='ocrx_word' id='word_1_85' title='bbox 417 1202 547 1236; x_wconf 83' lang='lat' dir='ltr'><strong>nune</strong></span> <span class='ocrx_word' id='word_1_86' title='bbox 585 1203 744 1244; x_wconf 74' lang='lat' dir='ltr'><strong>prece,</strong></span> <span class='ocrx_word' id='word_1_87' title='bbox 784 1203 913 1235; x_wconf 81' lang='lat' dir='ltr'><strong>nune</strong></span> <span class='ocrx_word' id='word_1_88' title='bbox 951 1188 1127 1245; x_wconf 85' lang='lat' dir='ltr'><strong>pretio,</strong></span> <span class='ocrx_word' id='word_1_89' title='bbox 1167 1203 1297 1235; x_wconf 81' lang='lat' dir='ltr'><strong>nune</strong></span> <span class='ocrx_word' id='word_1_90' title='bbox 1333 1189 1400 1245; x_wconf 85' lang='lat' dir='ltr'><strong>vi,</strong></span> <span class='ocrx_word' id='word_1_91' title='bbox 1440 1203 1571 1236; x_wconf 84' lang='lat' dir='ltr'><strong>nune</strong></span> <span class='ocrx_word' id='word_1_92' title='bbox 1613 1190 1771 1236; x_wconf 81' lang='lat' dir='ltr'><strong>morte</strong></span> 
     </span>
    </p>

    <p class='ocr_par' dir='ltr' id='par_1_6' title="bbox 419 1274 1513 1390">
     <span class='ocr_line' id='line_1_15' title="bbox 531 1274 756 1317; baseline 0 -10"><span class='ocrx_word' id='word_1_93' title='bbox 531 1274 756 1317; x_wconf 85' lang='lat' dir='ltr'><strong>suprema</strong></span> 
     </span>
     <span class='ocr_line' id='line_1_16' title="bbox 419 1333 1513 1390; baseline 0.001 -9"><span class='ocrx_word' id='word_1_94' title='bbox 419 1336 662 1390; x_wconf 85' lang='lat' dir='ltr'><strong>permutet</strong></span> <span class='ocrx_word' id='word_1_95' title='bbox 677 1333 893 1381; x_wconf 88' lang='lat' dir='ltr'><strong>dominos</strong></span> <span class='ocrx_word' id='word_1_96' title='bbox 913 1335 964 1381; x_wconf 82' lang='lat' dir='ltr'><strong>et</strong></span> <span class='ocrx_word' id='word_1_97' title='bbox 983 1334 1125 1381; x_wconf 80' lang='lat' dir='ltr'><strong>cedat</strong></span> <span class='ocrx_word' id='word_1_98' title='bbox 1144 1334 1195 1381; x_wconf 86' lang='lat' dir='ltr'><strong>in</strong></span> <span class='ocrx_word' id='word_1_99' title='bbox 1215 1334 1372 1382; x_wconf 76' lang='lat' dir='ltr'><strong>altera</strong></span> <span class='ocrx_word' id='word_1_100' title='bbox 1387 1334 1513 1382; x_wconf 85' lang='lat' dir='ltr'><strong>iura.</strong></span> 
     </span>
    </p>

    <p class='ocr_par' dir='ltr' id='par_1_7' title="bbox 315 1407 1683 1761">
     <span class='ocr_line' id='line_1_17' title="bbox 315 1407 1608 1468; baseline 0 -12"><span class='ocrx_word' id='word_1_101' title='bbox 315 1420 394 1468; x_wconf 88' lang='lat'><strong>175</strong></span> <span class='ocrx_word' id='word_1_102' title='bbox 421 1407 500 1456; x_wconf 79' lang='lat' dir='ltr'><strong>Sic</strong></span> <span class='ocrx_word' id='word_1_103' title='bbox 521 1408 634 1464; x_wconf 87' lang='lat' dir='ltr'><strong>quia</strong></span> <span class='ocrx_word' id='word_1_104' title='bbox 653 1408 915 1464; x_wconf 82' lang='lat' dir='ltr'><strong>perpetuus</strong></span> <span class='ocrx_word' id='word_1_105' title='bbox 936 1407 1059 1455; x_wconf 87' lang='lat' dir='ltr'><strong>nulli</strong></span> <span class='ocrx_word' id='word_1_106' title='bbox 1079 1408 1229 1455; x_wconf 83' lang='lat' dir='ltr'><strong>datur</strong></span> <span class='ocrx_word' id='word_1_107' title='bbox 1247 1422 1381 1465; x_wconf 87' lang='lat' dir='ltr'><strong>usus,</strong></span> <span class='ocrx_word' id='word_1_108' title='bbox 1403 1410 1453 1456; x_wconf 79' lang='lat' dir='ltr'><strong>et</strong></span> <span class='ocrx_word' id='word_1_109' title='bbox 1468 1408 1608 1456; x_wconf 81' lang='lat' dir='ltr'><strong>heres</strong></span> 
     </span>
     <span class='ocr_line' id='line_1_18' title="bbox 419 1480 1683 1540; baseline 0.001 -10"><span class='ocrx_word' id='word_1_110' title='bbox 419 1481 640 1530; x_wconf 83' lang='lat' dir='ltr'><strong>heredem</strong></span> <span class='ocrx_word' id='word_1_111' title='bbox 661 1480 862 1529; x_wconf 80' lang='lat' dir='ltr'><strong>alterius</strong></span> <span class='ocrx_word' id='word_1_112' title='bbox 882 1481 1017 1530; x_wconf 76' lang='lat' dir='ltr'><strong>velut</strong></span> <span class='ocrx_word' id='word_1_113' title='bbox 1036 1482 1170 1529; x_wconf 82' lang='lat' dir='ltr'><strong>unda</strong></span> <span class='ocrx_word' id='word_1_114' title='bbox 1188 1483 1466 1539; x_wconf 82' lang='lat' dir='ltr'><strong>supervenit</strong></span> <span class='ocrx_word' id='word_1_115' title='bbox 1485 1483 1683 1540; x_wconf 85' lang='lat' dir='ltr'><strong>undam,</strong></span> 
     </span>
     <span class='ocr_line' id='line_1_19' title="bbox 418 1555 1654 1613; baseline -0.001 -10"><span class='ocrx_word' id='word_1_116' title='bbox 418 1556 533 1612; x_wconf 82' lang='lat' dir='ltr'><strong>quid</strong></span> <span class='ocrx_word' id='word_1_117' title='bbox 552 1555 645 1603; x_wconf 82' lang='lat' dir='ltr'><strong>vici</strong></span> <span class='ocrx_word' id='word_1_118' title='bbox 665 1557 869 1612; x_wconf 83' lang='lat' dir='ltr'><strong>prosunt</strong></span> <span class='ocrx_word' id='word_1_119' title='bbox 889 1557 977 1603; x_wconf 84' lang='lat' dir='ltr'><strong>ant</strong></span> <span class='ocrx_word' id='word_1_120' title='bbox 998 1556 1214 1603; x_wconf 81' lang='lat' dir='ltr'><strong>horrea?</strong></span> <span class='ocrx_word' id='word_1_121' title='bbox 1239 1556 1416 1613; x_wconf 83' lang='lat' dir='ltr'><strong>quidve</strong></span> <span class='ocrx_word' id='word_1_122' title='bbox 1435 1556 1654 1605; x_wconf 80' lang='lat' dir='ltr'><strong>Calabris</strong></span> 
     </span>
     <span class='ocr_line' id='line_1_20' title="bbox 417 1628 1445 1686; baseline 0.002 -10"><span class='ocrx_word' id='word_1_123' title='bbox 417 1628 621 1676; x_wconf 79' lang='lat' dir='ltr'><strong>saltibus</strong></span> <span class='ocrx_word' id='word_1_124' title='bbox 641 1629 819 1677; x_wconf 82' lang='lat' dir='ltr'><strong>adiecti</strong></span> <span class='ocrx_word' id='word_1_125' title='bbox 836 1629 1039 1686; x_wconf 83' lang='lat' dir='ltr'><strong>Lucani,</strong></span> <span class='ocrx_word' id='word_1_126' title='bbox 1063 1630 1103 1676; x_wconf 85' lang='lat' dir='ltr'><strong>si</strong></span> <span class='ocrx_word' id='word_1_127' title='bbox 1123 1630 1265 1678; x_wconf 87' lang='lat' dir='ltr'><strong>metit</strong></span> <span class='ocrx_word' id='word_1_128' title='bbox 1286 1630 1445 1678; x_wconf 80' lang='lat' dir='ltr'><strong>orcus</strong></span> 
     </span>
     <span class='ocr_line' id='line_1_21' title="bbox 418 1702 1513 1761; baseline 0.001 -12"><span class='ocrx_word' id='word_1_129' title='bbox 418 1702 621 1761; x_wconf 81' lang='lat' dir='ltr'><strong>grandia</strong></span> <span class='ocrx_word' id='word_1_130' title='bbox 636 1717 747 1750; x_wconf 81' lang='lat' dir='ltr'><strong>cum</strong></span> <span class='ocrx_word' id='word_1_131' title='bbox 768 1703 948 1760; x_wconf 83' lang='lat' dir='ltr'><strong>parvis,</strong></span> <span class='ocrx_word' id='word_1_132' title='bbox 969 1717 1068 1750; x_wconf 86' lang='lat' dir='ltr'><strong>non</strong></span> <span class='ocrx_word' id='word_1_133' title='bbox 1087 1703 1342 1751; x_wconf 84' lang='lat' dir='ltr'><strong>exorabilis</strong></span> <span class='ocrx_word' id='word_1_134' title='bbox 1361 1705 1513 1751; x_wconf 78' lang='lat' dir='ltr'><strong>auro?</strong></span> 
     </span>
    </p>

    <p class='ocr_par' dir='ltr' id='par_1_8' title="bbox 313 1775 1764 2128">
     <span class='ocr_line' id='line_1_22' title="bbox 313 1775 1764 1834; baseline -0.001 -9"><span class='ocrx_word' id='word_1_135' title='bbox 313 1783 393 1825; x_wconf 92' lang='lat'><strong>180</strong></span> <span class='ocrx_word' id='word_1_136' title='bbox 416 1777 663 1833; x_wconf 67' lang='lat' dir='ltr'><strong>Geminae,</strong></span> <span class='ocrx_word' id='word_1_137' title='bbox 680 1790 908 1834; x_wconf 83' lang='lat' dir='ltr'><strong>marmor,</strong></span> <span class='ocrx_word' id='word_1_138' title='bbox 930 1776 1068 1832; x_wconf 84' lang='lat' dir='ltr'><strong>ebur,</strong></span> <span class='ocrx_word' id='word_1_139' title='bbox 1083 1776 1335 1834; x_wconf 79' lang='lat' dir='ltr'><strong>Tyrrhena</strong></span> <span class='ocrx_word' id='word_1_140' title='bbox 1354 1776 1529 1833; x_wconf 75' lang='lat' dir='ltr'><strong>sigilla,</strong></span> <span class='ocrx_word' id='word_1_141' title='bbox 1541 1775 1764 1833; x_wconf 80' lang='lat' dir='ltr'><strong>tabellas,</strong></span> 
     </span>
     <span class='ocr_line' id='line_1_23' title="bbox 417 1849 1523 1907; baseline 0 -10"><span class='ocrx_word' id='word_1_142' title='bbox 417 1851 693 1905; x_wconf 78' lang='lat' dir='ltr'><strong>argentum,</strong></span> <span class='ocrx_word' id='word_1_143' title='bbox 714 1850 873 1896; x_wconf 82' lang='lat' dir='ltr'><strong>vestes</strong></span> <span class='ocrx_word' id='word_1_144' title='bbox 895 1849 1107 1897; x_wconf 80' lang='lat' dir='ltr'><strong>Gaetulo</strong></span> <span class='ocrx_word' id='word_1_145' title='bbox 1125 1850 1306 1897; x_wconf 76' lang='lat' dir='ltr'><strong>murice</strong></span> <span class='ocrx_word' id='word_1_146' title='bbox 1325 1851 1523 1907; x_wconf 81' lang='lat' dir='ltr'><strong>tinetas,</strong></span> 
     </span>
     <span class='ocr_line' id='line_1_24' title="bbox 416 1923 1701 1981; baseline 0.002 -11"><span class='ocrx_word' id='word_1_147' title='bbox 416 1926 531 1971; x_wconf 75' lang='lat' dir='ltr'><strong>sunt</strong></span> <span class='ocrx_word' id='word_1_148' title='bbox 552 1923 633 1980; x_wconf 90' lang='lat' dir='ltr'><strong>qui</strong></span> <span class='ocrx_word' id='word_1_149' title='bbox 653 1939 751 1971; x_wconf 90' lang='lat' dir='ltr'><strong>non</strong></span> <span class='ocrx_word' id='word_1_150' title='bbox 770 1923 1000 1981; x_wconf 85' lang='lat' dir='ltr'><strong>habeant,</strong></span> <span class='ocrx_word' id='word_1_151' title='bbox 1021 1924 1098 1972; x_wconf 82' lang='lat' dir='ltr'><strong>est</strong></span> <span class='ocrx_word' id='word_1_152' title='bbox 1118 1924 1200 1981; x_wconf 87' lang='lat' dir='ltr'><strong>qui</strong></span> <span class='ocrx_word' id='word_1_153' title='bbox 1219 1938 1315 1971; x_wconf 88' lang='lat' dir='ltr'><strong>non</strong></span> <span class='ocrx_word' id='word_1_154' title='bbox 1336 1925 1478 1972; x_wconf 80' lang='lat' dir='ltr'><strong>curat</strong></span> <span class='ocrx_word' id='word_1_155' title='bbox 1506 1923 1701 1972; x_wconf 85' lang='lat' dir='ltr'><strong>habere.</strong></span> 
     </span>
     <span class='ocr_line' id='line_1_25' title="bbox 417 1996 1597 2053; baseline 0 -9"><span class='ocrx_word' id='word_1_156' title='bbox 417 1999 518 2044; x_wconf 84' lang='lat' dir='ltr'><strong>Cur</strong></span> <span class='ocrx_word' id='word_1_157' title='bbox 538 1996 663 2044; x_wconf 84' lang='lat' dir='ltr'><strong>alter</strong></span> <span class='ocrx_word' id='word_1_158' title='bbox 681 1996 893 2044; x_wconf 65' lang='lat' dir='ltr'><strong>stati-um</strong></span> <span class='ocrx_word' id='word_1_159' title='bbox 915 2012 1104 2045; x_wconf 81' lang='lat' dir='ltr'><strong>cessare</strong></span> <span class='ocrx_word' id='word_1_160' title='bbox 1123 1999 1172 2044; x_wconf 91' lang='lat' dir='ltr'><strong>et</strong></span> <span class='ocrx_word' id='word_1_161' title='bbox 1191 1996 1357 2044; x_wconf 84' lang='lat' dir='ltr'><strong>ludere</strong></span> <span class='ocrx_word' id='word_1_162' title='bbox 1375 1998 1425 2045; x_wconf 84' lang='lat' dir='ltr'><strong>et</strong></span> <span class='ocrx_word' id='word_1_163' title='bbox 1445 1999 1597 2053; x_wconf 77' lang='lat' dir='ltr'><strong>ungui</strong></span> 
     </span>
     <span class='ocr_line' id='line_1_26' title="bbox 416 2069 1584 2128; baseline 0.001 -12"><span class='ocrx_word' id='word_1_164' title='bbox 416 2069 660 2126; x_wconf 82' lang='lat' dir='ltr'><strong>praeferat</strong></span> <span class='ocrx_word' id='word_1_165' title='bbox 683 2069 891 2118; x_wconf 83' lang='lat' dir='ltr'><strong>Herodis</strong></span> <span class='ocrx_word' id='word_1_166' title='bbox 913 2070 1138 2126; x_wconf 74' lang='lat' dir='ltr'><strong>palmetis</strong></span> <span class='ocrx_word' id='word_1_167' title='bbox 1159 2070 1435 2128; x_wconf 84' lang='lat' dir='ltr'><strong>pinguibus,</strong></span> <span class='ocrx_word' id='word_1_168' title='bbox 1457 2070 1584 2117; x_wconf 78' lang='lat' dir='ltr'><strong>alter</strong></span> 
     </span>
    </p>

    <p class='ocr_par' dir='ltr' id='par_1_9' title="bbox 311 2143 1683 2495">
     <span class='ocr_line' id='line_1_27' title="bbox 311 2143 1633 2200; baseline 0.002 -11"><span class='ocrx_word' id='word_1_169' title='bbox 311 2147 392 2200; x_wconf 85' lang='lat'><strong>185</strong></span> <span class='ocrx_word' id='word_1_170' title='bbox 416 2143 547 2190; x_wconf 85' lang='lat' dir='ltr'><strong>dives</strong></span> <span class='ocrx_word' id='word_1_171' title='bbox 568 2146 618 2191; x_wconf 84' lang='lat' dir='ltr'><strong>et</strong></span> <span class='ocrx_word' id='word_1_172' title='bbox 639 2143 948 2200; x_wconf 84' lang='lat' dir='ltr'><strong>importunus</strong></span> <span class='ocrx_word' id='word_1_173' title='bbox 969 2144 1031 2191; x_wconf 86' lang='lat' dir='ltr'><strong>ad</strong></span> <span class='ocrx_word' id='word_1_174' title='bbox 1051 2144 1276 2192; x_wconf 83' lang='lat' dir='ltr'><strong>umbram</strong></span> <span class='ocrx_word' id='word_1_175' title='bbox 1296 2144 1418 2192; x_wconf 81' lang='lat' dir='ltr'><strong>lucis</strong></span> <span class='ocrx_word' id='word_1_176' title='bbox 1438 2144 1500 2192; x_wconf 82' lang='lat' dir='ltr'><strong>ab</strong></span> <span class='ocrx_word' id='word_1_177' title='bbox 1519 2146 1633 2191; x_wconf 81' lang='lat' dir='ltr'><strong>ortu</strong></span> 
     </span>
     <span class='ocr_line' id='line_1_28' title="bbox 416 2216 1560 2275; baseline 0.002 -12"><span class='ocrx_word' id='word_1_178' title='bbox 416 2216 686 2264; x_wconf 80' lang='lat' dir='ltr'><strong>silvestrem</strong></span> <span class='ocrx_word' id='word_1_179' title='bbox 706 2217 913 2265; x_wconf 80' lang='lat' dir='ltr'><strong>flammis</strong></span> <span class='ocrx_word' id='word_1_180' title='bbox 933 2219 984 2266; x_wconf 83' lang='lat' dir='ltr'><strong>et</strong></span> <span class='ocrx_word' id='word_1_181' title='bbox 1004 2217 1137 2265; x_wconf 83' lang='lat' dir='ltr'><strong>ferro</strong></span> <span class='ocrx_word' id='word_1_182' title='bbox 1157 2218 1348 2274; x_wconf 73' lang='lat' dir='ltr'><strong>mitiget</strong></span> <span class='ocrx_word' id='word_1_183' title='bbox 1368 2232 1560 2275; x_wconf 75' lang='lat' dir='ltr'><strong>agrum,</strong></span> 
     </span>
     <span class='ocr_line' id='line_1_29' title="bbox 415 2290 1683 2347; baseline 0.003 -10"><span class='ocrx_word' id='word_1_184' title='bbox 415 2291 507 2338; x_wconf 79' lang='lat' dir='ltr'><strong>seit</strong></span> <span class='ocrx_word' id='word_1_185' title='bbox 530 2290 730 2347; x_wconf 83' lang='lat' dir='ltr'><strong>Genius,</strong></span> <span class='ocrx_word' id='word_1_186' title='bbox 753 2291 917 2339; x_wconf 83' lang='lat' dir='ltr'><strong>natale</strong></span> <span class='ocrx_word' id='word_1_187' title='bbox 938 2305 1095 2338; x_wconf 84' lang='lat' dir='ltr'><strong>comes</strong></span> <span class='ocrx_word' id='word_1_188' title='bbox 1112 2291 1194 2347; x_wconf 85' lang='lat' dir='ltr'><strong>qui</strong></span> <span class='ocrx_word' id='word_1_189' title='bbox 1213 2292 1456 2347; x_wconf 84' lang='lat' dir='ltr'><strong>temperat</strong></span> <span class='ocrx_word' id='word_1_190' title='bbox 1476 2293 1683 2342; x_wconf 75' lang='lat' dir='ltr'><strong>astrum.</strong></span> 
     </span>
     <span class='ocr_line' id='line_1_30' title="bbox 413 2363 1547 2421; baseline 0.001 -11"><span class='ocrx_word' id='word_1_191' title='bbox 413 2366 628 2412; x_wconf 80' lang='lat' dir='ltr'><strong>naturae</strong></span> <span class='ocrx_word' id='word_1_192' title='bbox 648 2364 768 2412; x_wconf 89' lang='lat' dir='ltr'><strong>deus</strong></span> <span class='ocrx_word' id='word_1_193' title='bbox 789 2363 1049 2421; x_wconf 82' lang='lat' dir='ltr'><strong>humanae,</strong></span> <span class='ocrx_word' id='word_1_194' title='bbox 1072 2363 1293 2411; x_wconf 82' lang='lat' dir='ltr'><strong>mortalis</strong></span> <span class='ocrx_word' id='word_1_195' title='bbox 1319 2364 1371 2411; x_wconf 92' lang='lat' dir='ltr'><strong>in</strong></span> <span class='ocrx_word' id='word_1_196' title='bbox 1391 2379 1547 2412; x_wconf 90' lang='lat' dir='ltr'><strong>unum</strong></span> 
     </span>
     <span class='ocr_line' id='line_1_31' title="bbox 415 2436 1638 2495; baseline 0.001 -11"><span class='ocrx_word' id='word_1_197' title='bbox 415 2436 633 2494; x_wconf 86' lang='lat' dir='ltr'><strong>quodque</strong></span> <span class='ocrx_word' id='word_1_198' title='bbox 654 2439 819 2495; x_wconf 83' lang='lat' dir='ltr'><strong>caput,</strong></span> <span class='ocrx_word' id='word_1_199' title='bbox 841 2437 983 2484; x_wconf 84' lang='lat' dir='ltr'><strong>vultu</strong></span> <span class='ocrx_word' id='word_1_200' title='bbox 1004 2436 1269 2493; x_wconf 84' lang='lat' dir='ltr'><strong>mutabilis,</strong></span> <span class='ocrx_word' id='word_1_201' title='bbox 1291 2437 1429 2485; x_wconf 85' lang='lat' dir='ltr'><strong>albus</strong></span> <span class='ocrx_word' id='word_1_202' title='bbox 1448 2441 1499 2486; x_wconf 84' lang='lat' dir='ltr'><strong>et</strong></span> <span class='ocrx_word' id='word_1_203' title='bbox 1518 2439 1638 2485; x_wconf 71' lang='lat' dir='ltr'><strong>ater,</strong></span> 
     </span>
    </p>
   </div>
   <div class='ocr_carea' id='block_1_3' title="bbox 513 2525 1393 2630">
    <p class='ocr_par' dir='ltr' id='par_1_10' title="bbox 513 2525 1393 2630">
     <span class='ocr_line' id='line_1_32' title="bbox 791 2525 1393 2568; baseline 0.002 -7"><span class='ocrx_word' id='word_1_204' title='bbox 791 2527 851 2562; x_wconf 79' lang='lat'><strong>167</strong></span> <span class='ocrx_word' id='word_1_205' title='bbox 890 2526 1090 2568; x_wconf 72' lang='lat' dir='ltr'><strong>quoniam,</strong></span> <span class='ocrx_word' id='word_1_206' title='bbox 1105 2525 1209 2562; x_wconf 79' lang='lat' dir='ltr'><strong>codd.</strong></span> <span class='ocrx_word' id='word_1_207' title='bbox 1224 2526 1393 2568; x_wconf 70' lang='lat' dir='ltr'><strong>pret-ique</strong></span> 
     </span>
     <span class='ocr_line' id='line_1_33' title="bbox 513 2582 653 2630; baseline 0 -8"><span class='ocrx_word' id='word_1_208' title='bbox 513 2582 526 2627; x_wconf 93' lang='lat'>[</span> <span class='ocrx_word' id='word_1_209' title='bbox 547 2585 620 2623; x_wconf 88' lang='lat'><strong>288</strong></span> <span class='ocrx_word' id='word_1_210' title='bbox 639 2584 653 2630; x_wconf 94' lang='grc'><strong>]</strong></span> 
     </span>
    </p>
   </div>
   <div class='ocr_carea' id='block_1_4' title="bbox 2078 1586 2095 2877">
    <p class='ocr_par' dir='ltr' id='par_1_11' title="bbox 2078 1586 2095 2877">
     <span class='ocr_line' id='line_1_34' title="bbox 2078 1586 2095 2877; baseline 0 0"><span class='ocrx_word' id='word_1_211' title='bbox 2078 1586 2095 2877; x_wconf 95' lang='lat' dir='ltr'><strong> </strong></span> 
     </span>
    </p>
   </div>
  </div>
 </body>
</html>
