2109 2975
0 0 29 61 “‘1

739 200 1150 242 EPISTULARUM
1184 201 1242 242 11.
1269 210 1302 240 n

232 318 320 363 130
342 300 393 348 in
413 314 568 347 vacuo
587 299 746 347 laetus
766 314 925 347 sessor
944 298 1235 357 plausorque
1254 298 1478 354 theatro;

344 375 507 424 cetera
526 373 609 429 qui
626 372 759 420 vitae
781 373 998 420 servaret
1017 372 1187 420 munia
1204 374 1338 420 recto

342 461 493 503 more,
513 445 670 494 bonus
690 461 808 495 sane
826 445 1040 503 vicinus,
1054 445 1277 494 amabilis
1305 446 1496 503 hospes,

343 520 489 568 comis
508 519 560 567 in
579 534 797 577 uxorem,
819 520 981 575 posset
1000 518 1084 575 qui
1103 519 1351 575 ignoscere
1371 518 1524 566 servis
1540 541 1543 544 >

342 595 393 640 et
412 593 551 648 signo
571 592 702 640 laeso
723 607 821 640 non
840 592 1055 640 insanire
1074 592 1295 650 lagenae,

233 679 318 725 135
341 668 502 723 posset
522 666 606 722 qui
625 681 798 723 rupem
818 668 869 714 et
895 666 1277 723 puteum-vitare
1297 665 1576 722 patentem:

342 740 420 788 hic
438 740 523 788 ubi
542 741 861 797 cognatorum
887 739 1059 797 opibus
1079 738 1301 796 curisque
1320 738 1533 787 refectus

340 814 527 870 expulit
547 812 755 861 elleboro
774 812 995 860 morbum
1021 812 1262 869 bilemque
1282 826 1489 869 meraco,

340 887 391 934 et
408 885 536 933 redit
556 885 620 933 ad
640 900 773 934 sese:
805 884 920 933 ‘Pol
939 900 1016 933 me
1035 884 1292 943 occidistis,
1313 884 1474 942 amici,

339 974 437 1007 non
456 959 721 1016 servastis,'
738 958 826 1016 ait,
850 958 862 979 ‘
878 959 957 1006 cui
975 958 1043 1006 sic
1062 960 1259 1014 extorta
1275 958 1502 1014 voluptas

231 1049 317 1091 140
338 1034 389 1080 et
408 1032 634 1090 demptus
653 1046 740 1088 per
758 1031 856 1079 vim
873 1032 1048 1079 mentis
1070 1031 1375 1087 gratissimus
1394 1032 1562 1082 error.’

338 1105 587 1153 Nimirum
606 1120 776 1161 sapere
794 1107 869 1152 est
889 1104 1090 1152 abiectis
1109 1104 1231 1152 utile
1250 1103 1414 1161 nugis,

339 1179 390 1227 et
416 1178 761 1235 tempestivum
781 1178 943 1234 pueris
964 1176 1224 1226 concedere
1243 1176 1413 1225 ludum
1431 1196 1443 1232 ;

338 1267 395 1300 ao
414 1266 512 1299 non
530 1251 681 1299 verba
702 1251 836 1307 sequi
856 1251 1030 1298 fidibus
1050 1250 1348 1298 modulanda
1366 1249 1574 1307 LatiniS,

336 1324 422 1371 sed
449 1339 593 1372 verae
612 1338 933 1379 numerosque
952 1322 1209 1379 modosque
1229 1322 1437 1371 ediscere
1455 1322 1602 1372 vitae.

230 1404 314 1451 145
340 1397 578 1454 Quocirca
596 1411 785 1445 meeum
806 1396 974 1453 loquor
993 1396 1114 1444 haec
1134 1395 1410 1451 tacitusque
1430 1396 1686 1444 recordor:

338 1470 380 1518 si
399 1470 490 1519 tibi
508 1469 648 1519 nulla
666 1470 799 1519 sitim
820 1469 983 1518 finiret
1004 1468 1142 1526 copia
1160 1468 1404 1527 lymphae,

337 1560 565 1594 narrares
586 1545 782 1594 medicis
798 1563 810 1601 3
842 1544 971 1601 quod
990 1546 1174 1601 quanto
1193 1543 1337 1600 plura
1355 1544 1544 1601 parasti

335 1620 478 1666 tanto
497 1618 642 1675 plura
662 1618 815 1675 cupis,
837 1616 1023 1664 nulline
1042 1616 1246 1665 faterier
1263 1616 1443 1664 audes?

338 1691 390 1738 Si
408 1691 585 1739 vulnus
604 1691 695 1739 tibi
715 1692 989 1739 monstrata
1006 1690 1168 1739 radice
1187 1689 1264 1738 vel
1283 1690 1437 1738 herba

231 1772 315 1819 150
337 1779 435 1813 non
456 1765 593 1813 fieret
610 1764 782 1821 levius,
803 1764 998 1822 fugeres
1016 1764 1175 1812 radice
1195 1764 1272 1812 vel
1292 1763 1445 1812 herba

337 1838 614 1894 proficiente
632 1837 754 1885 nihil
774 1838 1004 1886 curarier.
1065 1838 1322 1895 AudieraS,
1345 1839 1423 1886 cui

337 1926 440 1959 rem
460 1911 510 1959 di
528 1911 767 1960 donarent
786 1910 859 1959 illi
877 1912 1106 1960 decedere
1127 1926 1327 1968 pravam

337 1983 625 2042 stultitiam3
654 1985 704 2032 et
724 2000 835 2032 cum
849 1984 920 2031 sis
940 1984 1091 2033 nihilo
1107 1984 1369 2042 sapientior
1387 1999 1447 2031 ex
1466 2000 1561 2040 quo

338 2057 525 2113 plenior
539 2072 611 2115 es,
632 2059 799 2105 tamen
824 2058 978 2105 uteris
1000 2057 1317 2105 monitoribus
1337 2057 1519 2106 isdem?

231 2133 314 2180 155
337 2130 408 2177 At
427 2130 468 2178 si
487 2130 685 2178 divitiae
705 2131 992 2187 prudentem
1013 2130 1215 2179 reddere
1236 2132 1448 2188 possent,

337 2204 379 2251 si
398 2204 625 2259 cupidum
645 2205 965 2260 timidumque
987 2205 1149 2252 minus
1168 2207 1238 2262 te,
1258 2219 1429 2261 nempe
1449 2204 1665 2262 ruberes,

337 2277 521 2324 viveret
540 2277 590 2324 in
609 2277 757 2325 terris
776 2279 825 2325 te
847 2278 887 2324 si
907 2279 1013 2334 quis
1032 2279 1227 2326 avarior
1245 2293 1358 2328 uno.

338 2349 389 2396 Si
409 2350 654 2407 proprium
664 2352 740 2397 est
752 2352 882 2406 quod
894 2352 1001 2407 quis
1015 2350 1141 2399 libra
1153 2354 1395 2400 mercatus
1408 2354 1459 2399 et
1472 2366 1581 2399 aere
1594 2354 1683 2407 est,

337 2421 591 2480 quaedam,
614 2423 654 2470 si
673 2422 827 2470 credis
846 2423 1097 2481 consultis,
1118 2424 1365 2481 mancipat
1385 2439 1532 2481 usus3

230 2498 315 2541 160
335 2494 417 2551 qui
437 2498 488 2543 te
507 2497 662 2552 pascit
682 2510 800 2557 ager
810 2497 925 2545 tuus
946 2498 1036 2553 est,
1060 2500 1111 2545 et
1132 2497 1301 2545 vilicus
1323 2497 1460 2553 Orbi,

439 2569 453 2616 ῐ
473 2571 543 2619 287
564 2570 580 2616 ]
