2109 2975
995 193 1216 233 HORATI

424 292 436 312 ‘
457 292 551 349 Qui
565 307 760 349 possum
775 293 852 339 tot
865 295 885 338 Ρ
901 292 913 312 ’
945 291 1017 339 ait
1035 310 1048 348 ς
1080 292 1092 313 ‘
1111 294 1278 342 tamen
1291 292 1343 338 et
1356 304 1587 347 quaeram
1599 292 1650 338 et
1663 284 1782 346 quot

534 365 721 413 habebo

425 440 619 487 mittam
639 458 651 485 ε
668 438 679 458 ’
713 441 823 494 post
842 439 988 494 paulo
1008 439 1177 488 scribit
1196 439 1288 487 sibi
1307 437 1440 486 milia
1458 439 1666 495 quinque

424 528 526 560 esse
544 512 672 560 domi
693 512 1026 570 chlamydum3
1059 515 1249 569 partem
1269 513 1345 561 vel
1365 512 1560 560 tolleret
1578 527 1760 560 omues.

345 588 401 635 45
425 585 579 634 Exilis
600 585 769 634 domus
789 588 864 634 eet
882 586 968 633 ubi
984 602 1083 638 non
1103 589 1153 635 et
1173 587 1331 635 multa
1351 587 1612 643 supersunt

424 660 475 707 et
494 658 741 707 dominum
761 658 944 713 fallunt
964 661 1015 707 et
1035 661 1242 716 prosunt
1261 658 1469 707 furibus.
1530 659 1683 716 Ergo,

425 730 467 779 si
480 746 560 780 res
579 732 682 780 sola
699 734 863 789 potest
882 732 1044 781 facere
1064 736 1115 781 et
1135 748 1329 781 servare
1348 732 1567 789 beatum,

424 805 515 853 hoo
532 805 717 863 primus
736 807 931 862 repetas
950 821 1090 863 opus,
1110 806 1202 854 hoo
1221 808 1496 862 postremus
1515 806 1731 854 omittas,

428 878 480 926 Si
499 878 807 928 fortunatum
826 878 1008 936 speeies
1027 881 1079 927 et
1093 879 1256 936 gratia
1273 881 1509 937 praestat,

349 965 406 1010 50
426 966 698 999 mercemur
718 967 912 1003 servum
932 950 1015 1009 qui
1034 952 1188 1000 dietet
1209 952 1422 1009 nomina,
1444 951 1638 1000 laevum

426 1023 509 1081 qui
525 1023 709 1073 fodicet
727 1025 860 1073 latus
879 1027 930 1073 et
950 1027 1097 1082 eogat
1115 1027 1257 1073 trans
1277 1026 1492 1082 pondera
1510 1026 1736 1073 dextram

425 1097 671 1154 porrigere
687 1118 699 1144 ε
733 1097 745 1119 ‘
758 1098 856 1145 Hie
869 1097 1081 1145 multum
1094 1097 1148 1145 in
1159 1098 1315 1146 Fabia
1324 1097 1474 1156 valet,
1485 1098 1565 1146 ille
1582 1098 1783 1155 Velina;

425 1170 504 1218 oui
522 1170 641 1218 libet
659 1171 742 1218 hie
758 1170 915 1219 fasces
936 1171 1073 1219 dabit
1092 1171 1358 1229 eripietque
1379 1171 1546 1220 curule

425 1243 503 1290 oui
522 1243 652 1291 volet
670 1243 979 1300 importunus
998 1244 1154 1292 ebur?
1215 1245 1408 1301 Frater,
1431 1246 1597 1302 Pater,
1620 1245 1742 1293 adde
1759 1265 1772 1303 ς

348 1331 402 1378 55
427 1318 483 1364 ut
504 1316 677 1374 cuique
697 1318 772 1365 est
791 1318 945 1374 aetaS,
966 1317 1298 1374 ita-quemque
1316 1318 1508 1366 facetus
1528 1319 1724 1376 adopta.

428 1390 480 1439 Si
498 1390 619 1439 bene
638 1390 722 1446 qui
740 1393 882 1438 cenat
900 1391 1022 1439 bene
1042 1392 1182 1449 vivit,
1206 1392 1353 1450 lueet,
1374 1407 1538 1440 eamus

427 1479 521 1521 quo
540 1463 675 1513 ducit
693 1464 827 1523 gula,
847 1463 1106 1524 piseemnr,
1128 1480 1377 1524 venemur,
1397 1467 1455 1514 ut
1475 1466 1587 1513 olim

430 1537 692 1596 Gargilius,
714 1538 795 1595 qui
815 1554 958 1587 mane
976 1540 1165 1596 plagas,
1187 1539 1443 1597 venabula,
1466 1554 1627 1587 servos

428 1609 680 1659 differtum
698 1611 910 1659 transire
930 1612 1094 1659 forum
1113 1612 1438 1669 populumque
1456 1612 1669 1669 iubebat,

348 1684 406 1727 60
428 1699 554 1731 unus
574 1685 676 1732 ute
696 1684 863 1732 multis
883 1685 1062 1742 populo
1082 1688 1333 1742 spectante
1352 1687 1560 1734 referret

428 1758 646 1812 emptum
667 1757 828 1805 mulus
849 1774 1039 1814 aprum.
1103 1759 1254 1807 Crudi
1265 1759 1534 1817 tumidique
1547 1760 1784 1817 lavemur,

429 1829 546 1885 quid
563 1830 748 1889 deceat,
769 1832 886 1889 quid
904 1847 1018 1891 non,
1040 1833 1197 1891 obliti,
1218 1833 1412 1882 Caerite
1432 1849 1543 1882 oera
1636 1864 1641 1869 »

430 1902 580 1961 digni,
600 1904 858 1963 remigium
876 1904 1107 1955 vitiosum
1127 1905 1398 1954 Ithaeensis
1419 1906 1595 1963 Ulixei,

432 1976 510 2023 cui
525 1977 689 2035 potior
706 1979 871 2036 patria
888 1977 987 2026 fuit
1005 1978 1271 2027 interdieta
1288 1979 1529 2037 voluptas.

353 2052 410 2106 65
434 2048 503 2108 Si,
524 2050 846 2098 Mimnermus
863 2051 941 2098 uti
960 2053 1140 2109 oenset,
1161 2052 1264 2101 sine
1283 2064 1446 2101 amore
1464 2052 1672 2109 iocisque
1752 2062 1761 2067 “

432 2121 501 2170 m‘l
521 2127 597 2172 est
614 2124 899 2182 iucundum,
919 2125 1057 2172 vivas
1077 2126 1128 2173 in
1149 2142 1315 2175 amore
1334 2127 1557 2184 iocisque.

431 2195 569 2255 Vive,
590 2196 714 2244 vale.
776 2195 828 2243 Si
846 2197 960 2253 quid
979 2198 1160 2246 novisti
1179 2199 1360 2247 rectius
1378 2198 1485 2247 istis

430 2269 663 2317 candidus
681 2268 907 2328 immi-1:53
938 2271 978 2319 si
997 2288 1113 2330 non,
1135 2273 1210 2320 his
1231 2275 1371 2322 utere
1391 2289 1612 2322 meeum.-

528 2570 670 2621 [²48]
