2109 2975
971 189 1203 233 HORATI

367 306 392 351 5
412 291 793 350 interpellarim;
822 291 908 339 sed'
921 292 1005 339 des
1024 290 1219 338 veniam
1241 289 1397 340 bonus
1416 307 1516 341 oro.

414 367 554 424 Quod
574 367 616 414 si
633 366 934 413 interciderit
953 365 1043 412 tibi
1063 379 1192 413 nunc
1212 364 1411 422 aliquid,
1426 367 1614 421 repetes
1635 380 1764 421 mox,

412 440 512 487 sive
531 440 607 487 est
626 438 832 487 naturae
851 439 943 487 hoc
964 440 1064 487 sive
1083 439 1223 497 artis,
1243 438 1396 486 mirus
1414 440 1636 495 utroque.

412 514 425 534 ‘
442 513 569 570 Quin
587 513 638 560 id
657 514 764 561 erat
783 529 929 561 curae
945 529 1041 569 quo
1056 515 1204 569 pacto
1221 514 1402 560 cuncta
1417 514 1650 568 tenerem,

411 588 584 643 utpote
604 602 680 633 res
700 588 872 635 tenues
891 586 1031 634 tenui
1050 601 1272 634 sermone
1292 584 1557 643 peractas?

340 677 394 708 10
415 660 520 707 Ede
540 659 746 706 hominis
763 675 956 717 nomen,
978 660 1123 707 simul
1142 662 1194 707 et
1212 661 1465 707 Romanus
1486 674 1550 706 an
1569 660 1761 715 hospes,

416 734 427 754 ‘
446 734 561 788 Ipsa
579 748 763 781 memor
780 735 1043 790 praecepta
1061 727 1251 790 canam,
1274 733 1512 781 celabitur
1531 736 1717 781 auctor.

413 807 583 863 Longa
602 807 773 863 quibus
793 803 942 855 facies
961 806 1064 854 ovis
1083 805 1178 854 erit
1196 806 1283 854 illa
1301 808 1561 863 memento,

412 881 470 927 ut
491 880 594 926 suci
613 879 823 927 melioris
842 881 893 927 et
917 882 975 927 ut
994 880 1150 936 magis
1170 879 1282 927 alba
1299 880 1537 936 rotundis,

412 967 628 1011 poneret
650 970 858 1011 namque
878 970 1063 1001 marem
1083 949 1308 1001 cohibent
1327 945 1507 1001 callosa.
1524 952 1764 1001 vitellum.

340 1040 392 1086 15
415 1027 564 1075 Caule
584 1027 862 1075 suburbano
880 1027 1118 1083 quisiccis
1138 1027 1292 1075 crevit
1310 1027 1362 1073 in
1382 1027 1512 1083 agris

415 1100 599 1148 dulcior
613 1120 632 1158 ,-
652 1101 836 1158 irriguo
852 1099 973 1147 nihil
994 1101 1069 1147 est
1089 1098 1266 1147 elutius
1285 1099 1449 1147 lim-m

417 1174 467 1221 Si
488 1175 787 1230 vespertinus
808 1172 970 1220 subito
991 1173 1040 1220 te
1063 1171 1358 1228 oppresserit
1377 1173 1565 1229 hospes,

415 1243 476 1295 ne
495 1248 678 1305 gallina.
695 1245 879 1293 malum
899 1246 1153 1301 responset
1173 1246 1298 1292 dura.
1315 1245 1498 1303 palato,

416 1322 586 1368 doctus
606 1318 703 1368 eris
721 1318 882 1366 vivam
904 1318 1059 1365 mixto
1077 1334 1292 1367 mersare
1311 1319 1522 1367 Falerno
1538 1338 1550 1375 3

338 1417 393 1446 20
415 1395 505 1443 hoc
524 1397 741 1442 teneram
760 1392 924 1440 faciet.
985 1392 1302 1440 Pratensibus
1323 1392 1507 1448 optima
1526 1392 1691 1449 fungis

416 1470 596 1516 natura
615 1468 690 1515 est
709 1484 721 1525 3
750 1466 857 1514 aliis
878 1466 1005 1514 male
1026 1465 1259 1514 creditur.
1320 1465 1410 1513 Ille
1431 1465 1647 1514 salubres

416 1543 630 1589 aestates
648 1541 850 1597 peraget
871 1539 953 1596 qui
972 1540 1126 1597 nigris
1146 1540 1353 1596 prandia
1372 1539 1521 1586 moris

416 1615 567 1673 finiet,
589 1617 703 1663 ante
722 1630 920 1671 gravem
940 1629 1062 1670 quae
1081 1613 1250 1670 legerit
1271 1613 1441 1661 arbore
1462 1612 1628 1660 solem.

417 1689 639 1736 Aufidius
659 1688 778 1735 ferti
797 1686 1032 1750 miscebat
1051 1686 1198 1734 mella
1217 1686 1441 1743 Falerno,

339 1773 394 1819 25
419 1762 659 1818 mendose,
681 1760 907 1816 quoniam
929 1758 1094 1806 vacuis
1114 1759 1416 1807 committere
1435 1759 1572 1806 venis

416 1836 488 1883 nil
508 1835 599 1882 nisi
618 1835 724 1882 lene
745 1834 883 1882 decet
901 1852 914 1891 ;
942 1833 1041 1881 leni
1062 1818 1518 1889 praecordia'mulso

419 1907 654 1966 prolueris
676 1908 866 1956 melius,
926 1908 978 1953 Si
998 1908 1123 1954 dura
1141 1906 1415 1954 morabitur
1431 1905 1584 1960 alvus,

420 1983 621 2029 mitulus
641 1984 691 2028 et
702 1981 829 2028 viles
850 1981 1032 2036 pellent
1052 1979 1299 2027 obstantia.
1317 1980 1526 2026 conchae

420 2059 469 2104 et
489 2055 676 2112 lapathi
694 2055 852 2102 brevis
871 2054 1036 2111 herba,
1062 2054 1144 2101 sed
1164 2052 1274 2100 albo
1293 2068 1389 2100 non
1410 2052 1511 2100 sine
1534 2053 1646 2100 Coo.

342 2145 399 2187 30
423 2129 632 2177 Lubrica.
650 2129 905 2177 nascentes
925 2128 1133 2195 implent
1154 2126 1403 2181 conchylia.
1420 2125 1566 2172 lunae
1587 2143 1599 2182 3

421 2203 503 2251 sed
524 2219 619 2251 non
640 2218 779 2250 omne
800 2217 934 2249 mare
954 2202 1029 2248 est
1047 2215 1308 2257 generosae
1328 2198 1491 2246 fertile
1510 2199 1682 2245 testae.

419 2277 607 2329 Murice
628 2276 815 2324 Baiano
835 2274 1010 2321 melior
1023 2274 1236 2320 Lucrina
1254 2272 1446 2329 peloris,

420 2353 581 2399 ostrea
600 2349 815 2404 Circeiis,
838 2347 1028 2393 Miseno
1048 2346 1275 2392 oriuntur
1294 2345 1468 2401 echini,

420 2418 690 2481 pectinibus
710 2419 891 2477 patulis
910 2418 1068 2465 iactat
1089 2433 1138 2465 se
1160 2418 1301 2465 molle
1322 2418 1615 2465 Tarentum.

346 2512 368 2553 3
371 2511 396 2556 5
421 2498 523 2545 Nec
545 2495 633 2542 sibi
654 2507 883 2542 cenarum
903 2490 1060 2548 quivis
1079 2492 1261 2539 temere
1283 2492 1480 2547 arroget
1501 2492 1675 2547 artem,

516 2570 532 2616 [
555 2571 624 2608 218
643 2569 659 2613 ]
