2109 2975
409 390 462 420 10

410 787 460 832 15

396 2283 449 2312 10

1067 201 1286 242 HORATI

657 288 1094 347 Premant'Calena
1112 288 1237 347 falce
1256 296 1427 355 quibus
1447 287 1577 346 dedit

656 368 858 421 fdrtuna
875 372 1042 431 vitem,
1064 372 1196 421 dives
1216 374 1265 420 et
1285 371 1443 419 aureis

711 449 951 495 mercator
969 447 1177 496 exsiccet
1195 446 1386 494 culullis

767 520 882 567 vina
901 520 1024 578 syra
1041 522 1271 577 reparata
1290 535 1464 578 merce,

657 629 730 675 dis
751 644 890 677 carus
909 627 1041 685 ipsis,
1065 625 1238 685 quippe
1258 629 1336 675 ter
1354 628 1404 675 et
1424 628 1597 683 quater

657 717 785 749 auno
803 701 1014 750 revisens
1035 717 1214 758 aequor
1234 700 1540 749 Atlanticum

711 774 923 831 impune.
981 776 1065 823 Me
1085 777 1291 831 pascunt
1308 775 1478 833 olivae,

767 863 845 895 me
866 847 1085 896 cichorea
1102 847 1322 905 levesque
1342 847 1544 895 malvae.

658 954 775 1001 Frui
797 954 980 1011 paratis
1001 957 1052 1003 et
1072 955 1232 1003 valido
1251 955 1382 1013 mihi,

655 1029 805 1075 Latoe
818 1065 829 1086 ,
852 1028 1014 1087 dones,
1037 1031 1107 1086 at,
1130 1044 1316 1085 precor,
1339 1029 1529 1085 integra

710 1119 819 1149 cum
839 1104 1017 1159 mente,
1039 1117 1128 1149 nec
1147 1103 1340 1158 turpem
1367 1104 1608 1149 senectam

763 1175 935 1231 degere
956 1191 1045 1222 nec
1066 1175 1256 1222 cithara
1274 1176 1536 1222 carentem.

1069 1423 1264 1470 XXXII

651 1532 959 1580 POSOIMUR.
1023 1531 1077 1578 Si
1094 1531 1206 1585 quid
1225 1529 1366 1582 vacui
1386 1528 1474 1575 sub
1493 1528 1666 1576 umbra

648 1605 852 1652 lusimus
872 1607 1053 1661 tecum,
1076 1604 1203 1659 quod
1230 1606 1280 1650 et
1295 1602 1423 1649 hunc
1442 1601 1493 1648 in
1514 1617 1693 1648 annum

649 1678 784 1725 vivat
805 1680 854 1726 et
874 1677 1055 1734 plnres,
1078 1688 1186 1734 age,
1208 1675 1284 1722 dic
1305 1674 1550 1730 Latinum,

761 1750 970 1807 barbite,
1001 1764 1214 1805 carmen,

649 1857 823 1915 Lesbio
842 1856 1052 1914 primum
1073 1855 1318 1904 modulate
1339 1857 1447 1914 civi,

649 1930 729 1987 qui
748 1931 884 1978 ferox
902 1930 1027 1978 bello
1044 1933 1211 1978 tamen
1231 1930 1359 1977 inter
1380 1945 1531 1987 arma,

648 2004 746 2051 sive
766 2004 999 2051 iactatam
1025 2004 1260 2062 religarat
1287 2003 1381 2050 udo

759 2076 898 2125 litore
918 2077 1098 2135 nam,

646 2184 871 2232 Liberum
891 2187 941 2233 et
961 2185 1131 2233 Musas
1151 2186 1480 2240 Veneremque
1501 2186 1551 2230 et
1571 2183 1640 2230 illi

645 2273 836 2314 semper
854 2259 1135 2308 haerentem
1156 2266 1361 2314 puerum
1383 2257 1587 2305 canebat

643 2333 694 2379 et
713 2332 899 2390 Lycum
919 2333 1074 2391 nigris
1096 2331 1245 2401 oculjs
1266 2331 1496 2386 nigroque

755 2408 885 2458 crine
905 2408 1149 2456 decorum.
1169 2413 1172 2415 ’

609 2520 647 2552 18
688 2527 745 2559 ac,
760 2525 906 2559 precor,
919 2521 971 2558 et„
987 2524 1121 2558 precor
1426 2520 1442 2548 1
1489 2514 1683 2551 rme-‚imus

570 2575 587 2621 Ῑ.
607 2577 651 2622 38
670 2576 688 2623 ]
