2109 2975
784 172 895 213 ARS
929 170 1174 212 Pomch

303 267 468 316 Multa.
486 283 649 316 senem
670 268 1059 318 circumveniunt
1077 269 1398 327 incommoda,
1420 269 1497 317 vel
1517 270 1646 327 quod

198 365 282 408 170
303 342 493 398 quaerit
510 344 562 390 et
581 342 791 390 inventis
810 342 957 390 miser
975 342 1191 391 abstinet
1211 359 1268 391 ac
1287 343 1430 392 timet
1448 344 1541 400 uti,

302 416 380 464 vel
399 415 525 472 quod
544 431 623 463 res
642 430 807 463 omnes
826 415 995 464 timide
1013 416 1264 473 gelideque
1283 416 1548 474 ministrat,

302 487 496 546 dilator,
519 503 603 545 spe
624 488 814 546 longus,
836 488 983 545 iners,
1005 489 1270 545 avidusque
1290 489 1465 547 futuri,

303 562 524 619 difficilis,
546 561 794 618 querulus,
815 561 1042 609 laudator
1059 561 1292 618 temporis
1312 563 1412 610 acti

303 649 354 682 se
373 648 538 692 puero,
561 634 829 691 castigator
847 649 1111 691 censorque
1132 634 1390 683 minorum.

196 708 279 757 175
303 707 468 756 Multa.
485 707 655 756 ferunt
672 708 790 755 anui
808 707 1057 756 venientes
1077 707 1328 756 commoda
1348 723 1527 765 secum,

302 778 462 827 multa.
478 780 758 828 recedentes
777 780 1016 828 adimunt.
1077 782 1154 829 Ne
1174 781 1304 829 forte
1323 782 1496 830 seniles

303 853 599 901 mandentur
616 853 779 901 iuveni
798 855 964 910 partes
986 868 1229 910 pueroque
1247 854 1411 902 viriles
1428 874 1440 911 ;

302 941 493 983 semper
509 927 561 973 in
581 926 824 975 adiunctis
844 941 1054 983 aevoque
1075 926 1376 974 morabimur
1394 926 1539 983 aptis.

301 1001 407 1048 Aut
426 1000 591 1058 agitur
609 1016 687 1048 res
706 1001 757 1048 in
777 1000 963 1048 scaenis
984 1002 1073 1048 aut
1093 1002 1206 1048 acta.
1223 999 1453 1048 refertur.

196 1076 280 1120 180
303 1073 510 1132 Segnius
528 1074 728 1122 irritant
750 1073 934 1121 animos
955 1072 1164 1121 demissa
1183 1087 1268 1129 per
1286 1088 1472 1130 aurem,

301 1162 447 1203 quam
468 1162 592 1204 quae
612 1148 729 1194 sunt
748 1146 898 1194 oculis
919 1146 1139 1195 subiecta.
1157 1145 1394 1203 fidelibus,
1415 1148 1465 1194 et
1484 1162 1607 1203 quae

300 1220 402 1276 ipse
422 1220 512 1268 sibi
531 1220 685 1269 tradit
706 1221 980 1277 spectator:
1010 1234 1107 1267 non
1127 1221 1293 1267 tamen
1313 1219 1448 1266 intus

300 1293 450 1351 digna
467 1293 573 1351 geri
591 1307 782 1349 promes
801 1294 853 1340 in
872 1307 1114 1349 scaenam,
1136 1292 1384 1348 multaque
1404 1291 1546 1341 tolles

299 1376 361 1408 ex
380 1361 529 1409 oculis
550 1376 673 1418 quae
691 1375 804 1408 mox
822 1362 989 1409 narret
1009 1360 1242 1408 facundia.
1259 1375 1502 1416 praesens.

196 1437 277 1493 185
300 1433 379 1483 Ne
398 1448 573 1492 pueros
594 1448 756 1482 coram
776 1432 953 1490 populo
973 1433 1150 1482 Medea
1168 1433 1399 1492 trucidet,

301 1509 389 1555 aut
409 1507 625 1555 humana.
641 1508 804 1564 palam
824 1509 1000 1563 coquat
1019 1509 1136 1555 exta.
1155 1507 1373 1555 nefarius
1391 1508 1595 1565 Atreus,

300 1583 389 1629 aut
407 1581 459 1628 in
479 1595 616 1629 avem
638 1581 821 1629 Procne
840 1582 1081 1638 vertatur,
1104 1580 1317 1629 Cadmus
1334 1581 1386 1628 in
1405 1595 1633 1637 anguem.

302 1654 646 1711 Quodcumque
666 1654 879 1702 ostendis
899 1654 1016 1702 mihi
1037 1654 1123 1711 sic,
1144 1653 1423 1702 incredulus
1441 1654 1537 1703 odi.

301 1727 437 1775 Neve
458 1728 616 1776 minor
633 1742 730 1774 neu
750 1728 815 1775 sit
834 1728 1002 1784 quinto
1021 1728 1304 1784 productior
1323 1730 1441 1776 actu

196 1819 278 1863 190
300 1800 485 1858 fabula,
507 1816 629 1856 quae
649 1801 779 1857 posci
799 1801 906 1848 vult
926 1802 976 1848 et
996 1803 1219 1857 spectata
1237 1801 1424 1857 reponi.

300 1873 407 1922 Nec
426 1874 545 1921 deus
564 1873 759 1922 intersit
776 1870 871 1921 nisi
890 1874 1068 1931 dignus
1087 1874 1275 1922 vindice
1293 1874 1449 1922 nodus

300 1946 525 1995 inciderit
542 1966 555 2003 3
586 1962 676 1994 nec
695 1949 871 2003 quarta
889 1946 1020 2003 loqui
1038 1962 1250 2004 persona.
1266 1947 1471 1996 laboret.

301 2019 497 2067 Actoris
517 2021 683 2076 partes
702 2019 877 2067 chorus
896 2020 1198 2077 officiumque
1218 2020 1356 2068 virile

301 2092 550 2151 defendat,
570 2108 667 2141 neu
685 2092 801 2148 quid
820 2092 1000 2141 medios
1019 2093 1283 2142 intercinat
1303 2095 1444 2141 actus

194 2182 277 2232 195
302 2165 429 2221 quod
447 2181 546 2214 non
564 2165 810 2222 proposito
829 2164 1070 2213 conducat
1087 2168 1139 2214 et
1157 2166 1358 2215 haereat
1376 2169 1506 2223 apte.

301 2238 392 2286 Ille
412 2238 548 2287 bonis
566 2239 826 2295 faveatque
845 2240 896 2285 et
915 2239 1198 2287 consilietur
1216 2239 1387 2297 amice,

301 2312 353 2359 et
370 2313 512 2369 regat
530 2312 681 2360 iratos
700 2313 751 2359 et
770 2313 902 2360 amet
920 2327 1121 2369 peccare
1140 2312 1369 2361 timentes
1387 2331 1402 2369 ;

301 2384 383 2432 ille
401 2385 549 2441 dapes
568 2385 737 2433 laudet
755 2398 947 2433 mensae
966 2383 1145 2442 brevis,
1166 2384 1248 2433 ille
1269 2385 1513 2433 salubrem

424 2477 483 2510 190
522 2473 735 2516 spectanda
1027 2475 1088 2509 191
1128 2475 1492 2516 pacaretumentes.

403 2529 543 2581 [297]
1417 2531 1578 2582 [31³1.
