2109 2975
745 191 1084 234 SATIRARUM
1120 193 1154 231 Ι.
1179 202 1212 231 11

298 292 363 341 ad
382 294 589 341 mortem
609 285 778 341 caesus
799 312 812 349 ;
843 291 1035 350 fugiens
1050 293 1132 340 hic
1152 286 1331 340 decidit
1352 306 1512 338 acrem

300 366 597 422 praedonum
614 365 668 413 in
686 366 906 423 turbam3
939 366 1073 413 dedit
1091 365 1169 412 hic
1188 381 1276 421 pro
1296 379 1494 420 corpore
1513 378 1651 409 num-

412 454 516 486 mos
527 458 541 496 ;

301 511 430 558 hunc
450 511 818 567 perminxerunt
839 512 1027 559 calones
1044 531 1055 569 ;
1088 512 1204 568 quin
1224 511 1371 559 etiam
1389 510 1512 556 illud

219 597 276 643 45
301 585 495 642 accidit,
515 588 574 633 ut
592 586 787 642 quidam
806 588 957 633 testes
977 585 1275 642 caudamque
1296 585 1503 632 salacem

301 657 566 706 demeteret
585 658 732 707 ferro.
795 659 808 680 ⁶
827 659 962 705 Iure’
986 674 1179 716 omnes3
1210 658 1365 705 Galba
1383 657 1612 713 negabat.

300 731 475 778 Tutior
493 734 547 779 at
567 735 750 789 quanto
768 748 905 780 merx
922 734 996 780 est
1014 732 1067 778 in
1087 732 1237 779 classe
1258 732 1484 788 secunda,

299 803 638 851 libertinarum
657 804 780 862 dico,
795 804 1053 852 Sallustius
1073 805 1123 851 in
1143 819 1262 860 quas

303 892 400 925 non
421 878 580 926 minus
598 878 780 926 insanit
800 894 944 934 quam
965 878 1049 934 qui
1069 878 1376 926 moechatur.-
1425 878 1496 925 At
1516 877 1593 925 hic
1615 877 1655 924 si

221 966 277 1011 50
302 967 400 1006 qua
417 967 510 1009 res,
531 967 628 1008 qua
645 952 773 1000 ratio
793 952 1033 1009 suaderet,
1054 967 1241 1017 quaque
1260 951 1473 998 modeste

304 1021 529 1069 munifico
548 1037 650 1069 esse
671 1021 801 1078 licet,
822 1021 968 1068 vellet
987 1021 1141 1068 bonus
1161 1022 1305 1076 atque
1324 1020 1561 1075 benignus

302 1109 422 1151 esse,
444 1094 583 1142 daret
603 1096 842 1151 quantum
863 1094 982 1141 satis
1001 1095 1130 1141 esset
1149 1109 1238 1141 nec
1258 1093 1347 1140 sibi
1367 1094 1545 1141 damno

304 1167 617 1224 dedecorique
635 1167 778 1215 foret.
829 1166 1012 1215 Verum
1030 1167 1122 1213 hoc
1141 1182 1193 1214 se
1212 1166 1523 1222 amplectitur
1541 1181 1656 1220 uuo,

306 1239 397 1288 hoc
408 1242 542 1288 amat
554 1242 605 1288 et
625 1240 794 1288 laudat
812 1260 823 1287 ε
843 1240 855 1261 ‘
873 1240 1155 1287 Matronam
1171 1240 1357 1286 nullam
1370 1255 1459 1296 ego
1470 1239 1654 1296 tango?

226 1321 281 1367 55
307 1313 379 1361 Ut
399 1313 638 1370 quondam
658 1314 929 1370 MarsaeuS,
950 1312 1141 1359 amator
1161 1311 1372 1369 Originis
1390 1312 1488 1368 ille,

304 1386 386 1442 qui
404 1386 617 1442 patrium
637 1386 812 1434 mimae
831 1386 979 1432 donat
997 1385 1296 1441 fundumque
1315 1384 1574 1442 laremque,

308 1458 416 1508 ‘Nil
461 1460 614 1509 fuerit
645 1460 744 1519 mi,’
777 1458 950 1516 inquit,
984 1457 996 1479 ‘
1013 1473 1124 1506 cum
1162 1458 1391 1506 uxoribus
1430 1474 1660 1515 umquam

419 1534 621 1582 alienis!

307 1608 492 1655 Verum
512 1609 588 1655 est
607 1623 717 1655 cum
738 1606 913 1664 mimis,
938 1608 1014 1653 est
1033 1622 1145 1653 cum
1158 1605 1508 1662 meretricibus,
1531 1606 1661 1654 unde

308 1679 443 1728 fama
481 1680 661 1728 malum
699 1680 895 1737 gravius
933 1695 1080 1736 quam
1119 1695 1195 1728 res
1222 1678 1393 1728 trahit.
1454 1680 1535 1726 An
1568 1678 1662 1726 tibi

421 1750 612 1797 abunde
706 1765 711 1769 ·

226 1834 285 1877 60
309 1838 565 1880 personam
586 1822 704 1869 satis
724 1824 816 1879 est,
838 1838 934 1869 non
954 1821 1077 1869 illud
1097 1821 1322 1878 quicquid
1341 1822 1519 1878 ubique

309 1895 456 1942 officit
474 1893 690 1942 evitare?
747 1895 937 1940 Bonam
958 1892 1219 1949 deperdere
1239 1893 1440 1950 famam,

245 1983 253 1990 ·
308 1983 414 2016 rem
433 1966 589 2025 patris
608 1966 858 2023 oblimare,
880 1966 1063 2014 malum
1083 1968 1157 2014 est
1176 1966 1479 2024 ubicumque.
1542 1965 1669 2023 Quid

420 2041 552 2089 inter

310 2116 387 2165 est
405 2115 458 2162 in
477 2116 720 2172 matrona,
740 2114 934 2172 ancilla,
956 2128 1185 2170 peccesne
1206 2114 1411 2171 togata?

313 2189 491 2238 Villius
509 2189 563 2236 in
581 2188 771 2236 Fausta
791 2187 955 2235 Sullae
974 2202 1141 2245 gener,
1162 2187 1253 2234 hoc
1275 2186 1421 2234 miser
1442 2202 1540 2233 uno

231 2273 289 2328 65
313 2262 508 2311 nomine
529 2262 778 2319 deceptus,
799 2276 976 2317 poenas
997 2260 1130 2307 dedit
1149 2275 1301 2316 usque
1320 2275 1559 2317 superque

313 2352 458 2393 quam
480 2336 596 2383 satis
617 2337 708 2390 est,
731 2334 907 2393 pugnis
927 2346 1093 2382 caesus
1114 2333 1339 2390 ferroque
1359 2333 1559 2390 petitus,

313 2410 537 2458 exclusus
556 2409 658 2456 fore
683 2423 793 2454 cum
814 2408 1130 2464 Longarenus
1149 2406 1277 2454 foret
1297 2406 1445 2453 intus.

321 2482 447 2531 Huic
469 2483 509 2529 si
528 2481 740 2529 mutonis
760 2480 918 2528 verbis
938 2479 1069 2527 mala
1084 2481 1227 2527 tanta
1241 2479 1449 2528 videntis

421 2557 438 2604 t
458 2556 562 2606 167]
