2109 2975
823 205 932 247 Ans
966 204 1213 247 POETICA

338 300 603 351 reddiderit
622 302 855 351 iunctura
876 319 1072 352 novum.
1135 304 1187 351 Si
1207 304 1334 352 forte
1355 303 1544 352 necesse
1564 306 1638 351 est

337 369 524 419 indiciis
545 375 817 421 monstrare
837 374 1114 422 recentibus
1135 374 1304 422 abdita
1322 389 1504 430 rerum,

259 455 314 500 50
338 443 521 501 fingere
540 446 769 494 cinctutis
790 460 887 494 non
906 446 1138 495 exaudita
1157 447 1384 504 Cethegis

339 518 607 575 continget,
630 518 922 576 dabiturque
944 519 1143 567 licentia
1163 521 1361 575 sumpta
1381 519 1648 575 pudenterg

337 592 389 637 et
409 606 534 638 nova
552 591 760 648 fictaque
781 607 938 648 nuper
956 592 1206 640 habebunt
1227 592 1376 640 verba
1397 592 1539 640 fidem
1561 591 1603 638 si
1622 595 1623 598 ’

339 663 527 712 Graeco
545 665 682 713 fonte
702 665 893 722 cadent,
916 680 1061 722 parce
1082 666 1290 714 detorta.
1353 665 1480 721 Quid
1499 667 1664 712 autem

339 736 546 785 Caecilio
566 738 833 795 Plautoque
853 739 989 787 dabit
1010 739 1261 787 Romanus
1281 737 1563 794 ademptum

259 815 313 862 55
339 809 556 866 Vergilio
576 811 848 868 Varioque?
907 812 1016 869 Ego
1035 829 1124 860 cm·
1141 812 1389 868 acquirere
1410 826 1567 867 pauca

338 883 380 930 si
399 898 592 938 possum
611 884 845 942 invideor,
867 901 977 932 cum
997 885 1169 942 lingua
1188 884 1390 934 Catonis
1409 886 1460 931 et
1480 883 1610 931 Enni

338 967 609 1000 sermonem
629 954 841 1010 patrium
862 954 1093 1002 ditaverit
1119 957 1169 1002 et
1190 969 1313 1002 nova
1333 967 1497 1002 rerum

339 1025 537 1073 nomina
556 1026 851 1082 protulerit?
909 1027 1072 1075 Licuit
1093 1042 1373 1084 semperque
1393 1026 1557 1074 licebit

340 1098 587 1155 signatum
609 1099 864 1155 praesente
884 1102 1002 1147 nota
1021 1100 1286 1157 producere
1306 1114 1498 1148 nomen.

258 1173 317 1218 60
341 1172 414 1219 Ut
434 1171 582 1219 silvae
601 1171 729 1219 foliis
749 1187 925 1228 pronos
946 1175 1205 1221 mutantur
1222 1174 1273 1220 in
1294 1187 1462 1229 annea,

340 1246 498 1302 prima
519 1246 701 1294 cadunt
718 1267 728 1294 ε
756 1247 827 1294 ita
848 1247 1107 1296 verborum
1126 1250 1268 1297 vetus
1287 1247 1455 1295 interit
1475 1249 1628 1304 aetas,

339 1321 391 1366 et
408 1319 637 1367 iuvenum
657 1320 758 1368 ritu
777 1320 952 1368 florent
973 1322 1116 1368 modo
1135 1321 1255 1368 nata
1272 1321 1547 1377 vigentque.

341 1392 588 1440 Debemm·
605 1393 753 1441 morti
771 1407 859 1440 nos
879 1394 1141 1449 nostraque
1158 1410 1170 1449 ς
1199 1392 1298 1440 sive
1317 1394 1543 1449 receptus

339 1466 475 1514 terra
493 1465 753 1524 Neptunus
776 1466 952 1516 classes
973 1465 1279 1524 aquilonibus
1298 1466 1449 1523 arcet,

256 1541 314 1595 65
339 1539 467 1596 regis
486 1554 624 1598 opus,
646 1540 884 1589 sterilisve
905 1540 989 1588 diu
1008 1540 1150 1597 palus
1169 1541 1380 1597 aptaque
1400 1540 1545 1588 remis

339 1612 522 1660 vicinas
541 1613 685 1662 urbes
705 1614 794 1662 alit
814 1615 862 1662 et
882 1628 1033 1672 grave
1054 1613 1207 1662 sentit
1225 1614 1462 1669 aratrum,

340 1701 425 1733 seu
443 1701 638 1735 cursum
659 1688 870 1735 mutavit
891 1687 1112 1744 iniquum
1132 1686 1357 1744 frugibus
1378 1686 1535 1733 amnis

338 1759 511 1806 doctus
530 1760 626 1807 iter
644 1761 833 1817 melius,
856 1761 1083 1808 mortalia
1102 1760 1237 1808 facta
1255 1758 1501 1816 peribunt,

338 1832 517 1879 nedum
538 1848 815 1881 sermonum
837 1835 937 1881 stet
957 1833 1108 1881 honos
1128 1834 1179 1881 et
1197 1832 1362 1890 gratia
1379 1831 1539 1879 vivax.

258 1916 317 1960 70
339 1905 504 1952 Multa
522 1908 839 1953 renascentur
858 1922 981 1963 quae
1002 1905 1100 1953 iam
1122 1905 1352 1962 cecidere,
1374 1903 1640 1959 cadentque

340 1993 462 2034 quae
483 1993 612 2027 nunc
633 1981 747 2026 sunt
768 1979 819 2026 in
838 1979 1018 2028 honore
1038 1978 1293 2036 vocabula,
1315 1978 1355 2025 si
1376 1976 1504 2025 volet
1523 1991 1658 2034 usne,

340 2066 482 2107 quem
502 2066 648 2107 penes
666 2051 926 2099 arbitrium
942 2053 1017 2099 est
1036 2053 1087 2100 et
1106 2052 1181 2099 ius
1202 2055 1252 2099 et
1267 2065 1439 2098 norma
1453 2049 1694 2106 loquendi.

340 2124 440 2172 Res
460 2126 626 2184 gestae
644 2140 910 2182 regumque
929 2126 1201 2183 ducumque
1224 2127 1274 2173 et
1293 2123 1458 2173 tristia
1476 2122 1604 2171 bella

341 2213 436 2253 quo
457 2198 601 2246 scribi
623 2200 820 2255 possent
841 2214 1042 2247 numero
1063 2199 1355 2247 monstravit
1375 2198 1637 2245 Homerus.

260 2278 317 2325 75
343 2271 576 2319 Versibus
595 2272 853 2328 impariter
871 2271 1050 2320 iunctis
1073 2271 1375 2328 querimonia
1392 2271 1620 2328 primum,

343 2346 454 2400 post
473 2345 620 2393 etiam
639 2344 827 2393 inclusa
846 2347 922 2392 est
944 2346 1045 2392 voti
1066 2344 1309 2392 sententia
1328 2359 1520 2401 compos
1538 2364 1549 2391 ε

343 2417 449 2473 quis
469 2420 635 2466 tamen
656 2417 853 2476 exiguos
874 2418 1035 2477 elegos
1055 2418 1268 2466 emiserit
1288 2419 1475 2473 auctor,

442 2511 503 2609 [65
542 2507 655 2550 palus
669 2507 790 2549 prius.
807 2506 904 2543 coni.
922 2507 1048 2543 Benel.
1092 2506 1205 2549 palus
1223 2507 1304 2549 diu,
1322 2508 1464 2543 Gesner
1478 2509 1511 2543 et
1526 2507 1577 2542 al.

478 2576 549 2614 29³
567 2565 582 2612 ]
