2109 2975
690 216 1105 258 EPISTULARUM
1140 216 1197 255 11.
1227 224 1260 254 11

176 324 260 369 190
282 316 429 373 Utar,
449 316 499 362 et
518 330 576 363 ex
597 315 783 363 modico
802 316 1039 371 quantum
1059 328 1137 361 res
1157 313 1321 369 poscet
1342 327 1514 361 acervo

282 389 468 446 tollam,
489 404 577 436 nec
598 391 812 436 metuam
834 388 948 444 quid
968 388 1027 435 de
1048 402 1125 434 me
1145 387 1326 434 iudicet
1345 387 1500 442 heres,

285 462 410 518 quod
425 477 521 508 non
541 462 685 518 plura
706 462 833 509 datis
854 460 1096 508 invenerit
1114 479 1125 516 ;
1156 462 1206 508 et
1226 461 1392 508 tamen
1412 458 1537 506 idem

285 530 405 578 scire
425 530 602 587 volam,
625 531 864 586 quantum
885 530 1090 585 simplex
1110 528 1371 584 hilarisque
1391 528 1555 584 nepoti

284 602 522 659 discrepet
543 606 592 650 et
614 605 853 658 quantum
875 602 1114 650 discordet
1135 615 1311 657 parcus
1331 616 1495 648 avaro.

178 679 259 729 195
285 676 452 723 Distat
504 676 633 723 enim
687 690 889 732 spargas
947 677 1033 722 tua
1080 674 1309 731 prodigus
1362 690 1427 721 an
1489 689 1642 730 neque

397 747 646 801 sumptum

282 819 465 866 invitus
482 818 633 866 facias
653 832 808 873 neque
830 818 974 873 plura
989 831 1163 873 parare
1184 817 1388 871 labores,

284 907 341 939 ac
360 891 537 948 potius,
561 906 682 947 puer
695 893 752 937 ut
774 890 912 937 festis
935 889 1320 946 Quinquatribus
1340 889 1471 945 olim,

283 965 456 1020 exig-uo
474 966 709 1020 gratoque
726 963 907 1011 fruaris
927 965 1145 1019 tempore
1164 963 1360 1019 raptim.

286 1037 547 1093 Pauperies
559 1037 809 1084 immunda
818 1037 987 1085 domus
996 1036 1166 1092 procul
1179 1036 1306 1083 absit
1321 1056 1332 1083 ε
1354 1049 1461 1092 egO,
1470 1037 1640 1082 utrum

175 1126 262 1157 200
286 1126 407 1158 nave
427 1111 560 1158 ferar
580 1124 758 1167 magna
779 1125 842 1157 an
863 1125 1031 1167 parva,
1052 1109 1188 1157 ferar
1207 1123 1332 1156 unus
1352 1110 1402 1155 et
1421 1107 1566 1155 idem.

287 1185 400 1231 Non
420 1183 612 1240 agimur
632 1183 832 1230 tumidis
855 1183 972 1230 velis
992 1181 1215 1238 aquilone
1234 1182 1443 1229 secundo
1462 1200 1475 1237 ;

285 1272 382 1305 non
401 1259 565 1305 tamen
586 1257 799 1305 adversis
820 1259 1030 1304 aetatem
1051 1256 1271 1304 ducimus
1291 1254 1490 1312 austris,

287 1330 484 1387 viribus,
505 1331 711 1388 ingenio,
735 1330 906 1385 specie,
927 1329 1130 1385 virtute,
1152 1329 1273 1385 loco,
1290 1344 1360 1385 re,

287 1403 490 1450 extremi
510 1403 793 1459 primorum,
816 1401 1045 1450 extremis
1065 1416 1215 1457 usque
1235 1402 1436 1457 priores.

177 1495 262 1540 205
288 1476 401 1525 Non
420 1491 471 1524 es
491 1492 696 1525 avarus:
726 1475 823 1525 abi.
885 1475 1026 1532 Quid,
1049 1476 1211 1522 cetera
1228 1475 1324 1522 iam
1346 1474 1489 1522 simul
1504 1473 1600 1521 isto

288 1565 399 1597 cum
418 1550 536 1597 vitio
556 1550 755 1607 fug-ere?
813 1550 960 1597 Caret
981 1549 1071 1596 tibi
1092 1551 1262 1605 pectus
1281 1548 1416 1596 inani

288 1623 579 1670 ambitione?
636 1624 784 1671 Caret
804 1623 971 1670 mortis
993 1622 1250 1671 formidine
1270 1623 1321 1670 et
1340 1623 1442 1670 ira?

288 1696 499 1753 Somnia,
519 1699 729 1744 terrores
748 1697 976 1754 magicos,
997 1696 1248 1753 miracula,
1271 1710 1430 1753 sagas,

287 1773 549 1817 nocturnos
569 1768 777 1817 lemures
799 1772 1118 1826 portentaque
1138 1769 1372 1817 Thessala
1391 1769 1549 1816 rides?

178 1857 264 1890 210
287 1842 493 1890 Natales
512 1843 652 1898 grate
671 1845 928 1891 numeras?
955 1843 1173 1899 Ignoscis
1192 1843 1390 1890 amicis?

289 1916 464 1963 Lenior
484 1917 533 1962 et
554 1915 721 1963 melior
741 1916 798 1963 fis
819 1917 1081 1965 accedente
1101 1917 1336 1964 senecta?

288 1988 414 2045 Quid
432 1990 484 2035 te
505 1990 731 2044 exempta
748 1987 885 2036 iuvat
905 1989 1053 2045 spinis
1075 1990 1133 2037 de
1154 1988 1371 2045 pluribus
1389 1991 1521 2035 una?

288 2062 465 2109 Vivere
486 2063 525 2108 si
546 2063 678 2109 recte
697 2061 869 2119 nescis,
890 2062 1064 2110 decede
1085 2062 1267 2118 peritis.

290 2134 473 2182 Lusisti
493 2135 627 2191 satis,
649 2133 792 2181 edisti
811 2135 928 2181 satis
948 2136 1094 2189 atque
1114 2134 1308 2182 bibisti:

181 2212 265 2259 215
290 2206 482 2259 tempus
503 2202 634 2250 abire
646 2202 737 2250 tibi
757 2203 848 2259 est,
863 2217 924 2250 ne
939 2204 1107 2258 potum
1121 2202 1306 2258 largius
1322 2218 1474 2259 aequo

290 2278 447 2325 rideat
466 2279 517 2324 et
536 2275 697 2333 pulset
715 2275 897 2324 lasciva
915 2275 1166 2324 decentius
1187 2278 1341 2325 aetas.

465 2364 527 2399 206
565 2361 658 2402 fuge
671 2361 748 2397 rite
987 2364 1049 2398 212
1088 2359 1194 2396 levat

394 2570 534 2621 [2891
1452 2572 1550 2617 [ιι]
