2109 2975
656 210 1067 253 EPISTULARUM
1103 211 1136 251 Ι.
1162 218 1253 251 xvn

274 305 596 365 temptantem
615 308 817 365 maiora,
838 308 942 359 fere
962 308 1302 365 praesentibus
1322 323 1526 367 aequum
1545 321 1567 356 ε·

192 392 247 436 25
273 383 459 440 contra,
482 397 625 438 quem
645 381 823 439 duplici
844 398 1006 439 panno
1025 382 1265 439 patientia
1280 381 1428 440 velat,

271 453 499 513 mirabor,
523 456 651 503 vitae
669 456 750 503 via
770 456 811 502 si
830 471 1063 504 conversa
1081 456 1287 504 decebit.

272 528 413 576 Alter
432 544 731 586 purpureum
752 544 849 576 non
870 528 1171 585 exspectabit
1190 529 1439 586 amictum,

273 601 504 657 quidlibet
524 602 727 650 indutus
747 602 1061 651 celeberrima
1079 618 1168 659 per
1185 602 1291 650 loca
1310 603 1472 658 vadet,

271 690 617 731 personamque
636 675 766 724 feret
784 691 882 723 non
901 676 1216 723 inconcinnus
1236 677 1522 733 utramque;

189 761 246 804 3ο
270 747 396 795 alter
416 749 575 796 Mileti
595 743 782 797 textam
804 764 923 797 cane
943 750 1080 806 peius
1099 751 1150 796 et
1170 749 1318 806 angui

270 820 445 869 vitabit
465 821 786 880 chlamydem,
808 822 1042 870 morietur
1062 822 1241 879 frigore
1263 821 1418 869 sinon

270 893 518 942 rettuleris
538 910 770 951 pannum.
829 895 983 943 Refer
1002 896 1053 943 et
1074 896 1176 942 sine
1195 894 1330 942 vivat
1350 894 1559 951 ineptus,

271 966 368 1015 Res
387 982 554 1024 gerere
574 970 624 1016 et
644 969 813 1026 captos
832 969 1090 1016 ostendere
1108 967 1293 1015 civibus
1312 967 1475 1015 hostes

272 1040 473 1099 attingit
493 1042 664 1090 solium
686 1043 815 1090 Iovis
836 1044 887 1091 et
907 1041 1134 1091 caelestia
1153 1042 1366 1098 temptat
1386 1061 1398 1090 ι

186 1121 245 1167 35
272 1115 565 1172 principibus
586 1116 823 1172 placuisse
843 1116 959 1163 viris
979 1130 1078 1163 non
1099 1114 1272 1162 ultima
1292 1115 1399 1162 laus
1419 1116 1510 1163 est.

271 1186 382 1235 Non
402 1187 553 1235 cuivis
573 1187 755 1236 homini
776 1188 1015 1246 contingit
1035 1187 1169 1235 adire
1190 1185 1495 1235 Corinthum.

273 1260 407 1309 Sedit
426 1261 508 1317 qui
527 1261 695 1308 timuit
714 1276 775 1310 ne
796 1276 893 1309 uon
916 1260 1211 1309 succederet.
1244 1251 1249 1256 ⁴
1272 1262 1393 1308 Esto
1417 1264 1428 1308 3

272 1333 416 1391 Quid,
437 1326 519 1391 qui
541 1334 780 1391 pervenit,
802 1334 982 1382 fecitne
1004 1334 1247 1382 viriliter?
1302 1333 1457 1390 Atqui

270 1405 349 1454 hic
374 1409 454 1455 est
480 1409 567 1455 aut
597 1423 836 1464 nusquam
866 1406 993 1463 quod
1024 1407 1317 1462 quaerimus.
1377 1406 1474 1453 Hic
1503 1420 1626 1453 onus

383 1480 567 1539 horret,
587 1510 592 1518 ι

186 1574 248 1616 40
271 1554 328 1600 ut
348 1554 509 1610 parvis
529 1555 701 1602 animis
722 1556 773 1602 et
793 1568 945 1611 parvo
965 1568 1163 1609 corpore
1182 1552 1368 1599 maius:

271 1626 349 1675 hic
368 1627 500 1674 subit
518 1630 569 1674 et
590 1627 793 1684 perfert.
854 1628 959 1675 Aut
980 1626 1138 1673 virtus
1157 1640 1332 1673 nomen
1351 1625 1496 1673 inane
1513 1625 1606 1681 est,

270 1701 358 1747 aut
377 1700 523 1749 decus
544 1704 592 1748 et
612 1702 823 1758 pretium
844 1702 974 1749 recte
1002 1699 1128 1756 petit
1149 1698 1398 1756 experiens
1418 1698 1509 1746 vir.

270 1774 448 1822 Coram
467 1788 581 1829 rege
602 1790 689 1823 suo
708 1775 768 1822 de
786 1776 1079 1831 paupertate
1097 1775 1316 1822 tacentes

269 1845 379 1902 plus
399 1848 625 1902 poscente
643 1846 806 1895 ferent
825 1866 838 1904 ;
872 1847 1025 1894 distat
1047 1859 1274 1893 sumasne
1294 1843 1534 1900 pudenter

185 1936 244 1981 45
269 1934 334 1967 an
352 1913 532 1975 rapia's.
590 1919 744 1976 Atqui
761 1935 924 1968 rerum
946 1921 1095 1976 caput
1113 1917 1205 1966 hoc
1225 1918 1348 1974 erat,
1371 1917 1449 1964 hic
1469 1917 1593 1965 fons.

272 1992 285 2013 ‘
300 1993 533 2041 Indotata
552 1992 670 2040 mihi
690 2007 827 2040 soror
847 1994 938 2050 est,
961 1991 1261 2050 paupercula
1278 1993 1454 2047 mater,
1542 1986 1545 1989 ’

269 2067 320 2113 et
339 2065 522 2114 fundus
541 2082 631 2114 nec
650 2065 904 2114 vendibilis
923 2081 1012 2115 nec
1033 2081 1230 2122 pascere
1250 2064 1452 2120 firmus:

268 2138 353 2195 qui
370 2138 505 2197 dicit,
527 2140 724 2197 clamat,
748 2141 761 2161 ‘
778 2139 976 2188 Victum
998 2139 1147 2187 date.'
1210 2136 1426 2186 Succinit
1447 2136 1572 2184 alter
1592 2136 1602 2183 ἐ

270 2213 284 2234 ‘
299 2213 368 2260 Et
387 2212 531 2261 mihi!
549 2214 561 2234 ’
622 2214 835 2261 Dividuo
856 2213 1069 2260 findetur
1088 2227 1289 2260 munere
1308 2210 1509 2269 quadra.

187 2300 245 2346 50
269 2286 367 2334 Sed
384 2285 564 2334 tacitus
593 2287 725 2342 pasci
745 2287 785 2333 si
813 2288 974 2342 posset
995 2300 1182 2343 corvus,
1211 2284 1414 2333 haberet
1500 2296 1503 2301 '

267 2360 378 2416 plus
398 2359 537 2416 dapis
556 2361 607 2407 et
624 2360 759 2407 rixae
780 2358 936 2406 multo
955 2358 1115 2407 minus
1127 2358 1452 2414 invidiaeque.

258 2432 586 2492 'Brundisium
618 2447 778 2481 comes
809 2433 895 2480 aut
932 2433 1225 2482 Surrentum
1257 2433 1435 2481 ductus
1469 2443 1625 2477 amoe-

379 2521 515 2562 num,
783 2511 788 2524 ¹

364 2580 505 2627 [265]
1405 2578 1529 2628 [13]
