2109 2975
1016 181 1241 223 HORATI

455 276 740 326 Parturient
760 280 964 336 montes,
986 282 1216 327 nascetur
1230 278 1462 327 ridiculus
1482 295 1605 327 mus.

352 366 433 406 140
456 351 650 407 Quanto
668 351 848 399 rectius
868 351 947 400 hic
966 352 1049 408 qui
1069 352 1138 400 nil
1159 353 1356 400 molitur
1375 353 1538 409 inepte
1559 372 1570 401 ε

454 423 467 446 ‘
485 423 577 471 Dic
590 424 723 481 mihi,
737 424 899 482 Musa,
913 425 1071 473 virum
1089 428 1259 482 captae
1275 428 1385 482 post
1400 428 1622 483 tempora
1637 424 1811 473 Troiae

453 496 535 552 qui
560 512 715 546 mores
734 497 982 545 hominum
1003 498 1267 546 multorum
1288 498 1409 546 vidit
1430 500 1480 546 eb
1500 498 1679 546 urbes.’

452 571 565 618 Non
584 569 776 618 fumum
796 586 856 619 ex
876 570 1083 629 fulgore,
1106 572 1190 619 sed
1209 587 1269 619 ex
1287 571 1423 619 fumo
1444 571 1562 619 dare
1581 571 1739 619 lucem

453 642 654 700 cogitas,
676 644 734 691 ut
753 643 968 700 speciosa
986 644 1162 693 dehinc
1183 644 1417 692 miracula
1436 646 1645 701 promaiz,

351 734 430 779 145
453 716 757 772 Anbiphaben
775 717 1078 774 Scyllamque
1095 719 1269 766 etcum
1288 717 1493 774 Cyclope
1509 716 1805 774 Charybdin.

452 789 502 836 N
503 804 557 836 ec
577 789 788 837 reditum
809 790 1057 838 Diomedis
1077 790 1140 838 ab
1158 790 1366 838 inberibu
1384 790 1640 847 Meleagri,

450 877 538 911 nec
558 862 751 919 gemino
769 862 949 911 bellum
970 862 1235 911 Troianum
1255 862 1444 911 orditur
1462 863 1525 911 ab
1543 878 1633 911 ovo

451 951 641 993 semper
661 935 725 984 ad
743 936 970 984 evenizum
989 935 1197 983 festinat
1215 936 1267 983 et
1286 935 1338 982 in
1358 934 1541 982 medias
1561 950 1640 982 res

451 1024 548 1056 non
568 1024 705 1057 secus
724 1024 782 1057 ac
801 1011 943 1056 notas
961 1008 1235 1056 auditorem
1255 1007 1403 1065 rapis,
1424 1009 1476 1055 et
1496 1023 1618 1064 quae

350 1097 432 1142 150
453 1083 678 1138 desperat
697 1084 917 1130 traebata
937 1082 1175 1130 nitescere
1196 1097 1333 1138 posse
1353 1080 1585 1137 relinquit
1602 1100 1617 1139 3

451 1158 597 1212 atque
614 1156 689 1203 ita
707 1156 961 1212 menssitur,
984 1154 1052 1207 sic
1072 1155 1199 1202 veris
1220 1154 1348 1202 falsa
1367 1153 1610 1213 remiscet,

450 1229 606 1285 primo
625 1244 687 1276 ne
707 1228 934 1283 medium,
958 1227 1116 1274 medio
1134 1242 1196 1274 ne
1216 1225 1457 1283 discrepet
1474 1226 1645 1274 imum.

451 1301 527 1348 Tu
546 1302 660 1358 quid
678 1316 768 1360 ego
787 1302 839 1349 et
859 1300 1068 1358 populus
1087 1314 1277 1348 mecum
1296 1300 1537 1348 desideret
1555 1299 1703 1349 audi:

452 1375 492 1421 si
512 1374 749 1431 plausoris
769 1390 880 1432 eges
901 1373 1075 1421 aulaea
1092 1372 1335 1422 manentis
1356 1375 1408 1421 et
1428 1388 1580 1429 usque

349 1464 429 1514 155
451 1447 627 1496 sessuri
648 1449 798 1497 donec
818 1449 990 1496 canbor
1011 1447 1023 1468 ‘
1042 1448 1143 1496 Vos
1163 1447 1380 1505 plaudisse
1396 1446 1409 1467 ’
1431 1446 1580 1505 dicat,

450 1523 627 1570 aetatis
646 1524 877 1579 cuiusque
896 1522 1100 1570 notandi
1120 1523 1236 1569 sunt
1255 1521 1346 1569 tibi
1365 1535 1540 1579 mores,

449 1595 797 1652 mobilibusque
816 1595 960 1644 decor
980 1595 1170 1644 naburis
1191 1595 1380 1643 dandus
1399 1597 1450 1642 et
1470 1593 1627 1642 annis.

449 1669 669 1718 Reddere
690 1669 773 1725 qui
791 1684 932 1717 voces
950 1669 1049 1716 iam
1069 1668 1162 1717 scii:
1183 1684 1304 1725 puer
1322 1670 1373 1716 et
1393 1668 1514 1724 pede
1533 1668 1667 1716 certzo

452 1742 615 1800 signata
634 1742 855 1800 humum,
876 1743 1027 1800 gestit
1047 1741 1248 1798 paribus
1268 1741 1527 1798 colludere,
1548 1742 1600 1788 eb
1616 1740 1740 1789 iram

349 1822 431 1865 160
453 1814 637 1872 colligis
657 1830 713 1862 ac
734 1815 872 1871 ponit
890 1816 1092 1872 temere,
1114 1815 1165 1863 ei:
1186 1812 1411 1862 mutaizur
1429 1818 1480 1861 in
1499 1814 1660 1862 horas·

452 1889 703 1937 Imberbus
723 1887 909 1936 iuvenis
928 1889 1129 1936 tandem
1149 1889 1348 1936 custode
1367 1889 1554 1936 remoto

450 1963 631 2019 gaudela
650 1962 785 2018 equis
806 1961 1099 2018 canibusque
1118 1963 1168 2009 ei:
1189 1960 1342 2017 aprici
1359 1960 1579 2019 gramine
1598 1958 1775 2016 campi,

450 2050 616 2082 cereus
636 2033 688 2080 in
708 2033 882 2081 vitium
902 2033 1047 2091 flecbi,
1072 2033 1390 2081 monitoribus
1410 2049 1568 2092 asper,

450 2108 643 2155 utilium
663 2107 836 2155 tardus
856 2107 1092 2164 provisor,
1114 2107 1345 2163 prodigus
1364 2107 1507 2163 aeris,

349 2188 427 2245 165
453 2180 668 2228 sublimis
689 2180 985 2237 cupidusque
1006 2182 1057 2227 et
1078 2181 1246 2226 amaia
1263 2179 1535 2235 relinquere
1554 2176 1742 2235 pernix.

451 2253 705 2302 Conversis
725 2254 899 2302 studiis
919 2255 1054 2301 aebas
1075 2253 1360 2308 animusque
1379 2252 1533 2299 virilis

449 2328 638 2384 quaerit
658 2342 772 2383 opes
792 2329 843 2375 eb
862 2326 1121 2382 amicitias,
1141 2324 1345 2373 inservit
1365 2323 1550 2380 honori,

449 2400 739 2448 commisisse
761 2402 900 2448 cavet
920 2399 1045 2455 quod
1066 2413 1178 2446 mox
1198 2400 1390 2447 mufiare
1409 2397 1609 2446 laboret.

975 2493 1033 2525 161
1077 2489 1269 2526 Imberbis

546 2549 561 2595 [
581 2549 685 2598 296]
