2109 2975
980 225 1202 267 HORATI

414 325 603 374 valdius
623 324 834 373 oblectat
856 324 1087 381 populum
1110 322 1373 379 meliusque
1394 322 1618 370 moratur

416 415 558 456 quam
579 414 746 447 versus
764 398 930 454 inopes
950 413 1115 445 rerum
1136 412 1386 454 nugaeque
1407 412 1626 445 canorae.

416 473 557 521 Grais
577 472 841 530 ingenium,
865 471 1008 518 Grais
1030 470 1165 517 dedit
1184 485 1266 518 ore
1287 471 1497 518 rotundo

417 548 561 593 Musa
579 545 724 601 loqui,
747 545 943 601 praeter
962 543 1154 590 laudem
1177 542 1359 590 nullius
1381 543 1556 591 avaris.
1617 554 1620 558 ’

311 628 394 675 325
417 617 623 665 Romani
643 617 781 673 pueri
800 616 955 673 longis
976 616 1247 663 rationibus
1269 631 1424 663 assem

416 693 609 739 discunt
627 691 678 738 in
699 693 864 747 partes
885 692 1081 738 centum
1103 690 1346 738 diducere.
1409 690 1420 711 ‘
1441 689 1588 738 Dicat

416 765 542 812 filius
563 764 727 811 Albini
749 784 759 812 ε
794 764 845 811 Si
865 764 924 812 de
945 763 1216 819 quincunce
1237 765 1424 810 remota
1443 764 1519 811 est

416 839 574 896 uncia,
584 838 697 895 quid
707 839 933 895 superat?
953 838 1155 885 Poteras
1165 837 1376 885 dixisse.'
1395 837 1625 885 ‘TrienS.'
1644 837 1657 859 ‘
1671 837 1766 884 Eu!

416 914 539 961 Rem
560 913 738 969 poteris
760 926 953 960 servare
966 913 1122 959 tuam.
1183 911 1331 958 Redit
1344 911 1503 967 uncia,
1518 909 1631 966 quid
1652 910 1708 956 fit
1720 912 1741 957 Ρ
1754 909 1766 929 ’

311 1001 395 1046 330
418 988 430 1009 ‘
449 986 635 1034 Sennis?
696 987 776 1032 An
796 985 914 1033 haec
935 985 1121 1032 animos
1143 999 1325 1041 aerugo
1344 987 1402 1031 et'
1417 1000 1534 1031 cura
1554 983 1713 1039 peculi

418 1075 528 1109 cum
549 1059 695 1107 semel
713 1059 959 1114 imbuerit,
983 1072 1234 1114 speramus
1255 1057 1471 1105 carmina
1490 1057 1607 1114 fingi

418 1148 555 1189 posse
573 1131 767 1179 linenda
786 1132 928 1179 cedro
947 1133 999 1179 et
1018 1132 1114 1179 levi
1130 1130 1369 1179 servanda
1388 1132 1648 1186 cupresso?

416 1207 522 1253 Aut
546 1205 769 1260 prodesse
789 1204 961 1250 volunt
982 1206 1070 1250 aut
1091 1202 1333 1250 delectare
1354 1204 1543 1259 poetae,

420 1280 506 1326 aut
525 1277 667 1324 simul
686 1278 736 1323 et
755 1276 967 1324 iucunda
986 1277 1036 1323 et
1054 1276 1229 1323 idonea
1248 1275 1405 1322 dicere
1425 1275 1571 1322 vitae.

313 1367 395 1412 335
421 1351 657 1409 Quicquid
677 1350 939 1406 praecipies
959 1352 1063 1397 esto
1082 1349 1258 1406 brevis,
1280 1351 1336 1395 ut
1357 1349 1453 1396 cito
1472 1348 1605 1396 dicta

419 1423 688 1481 percipiant
708 1422 856 1469 animi
877 1421 1051 1488 dociles
1072 1423 1365 1477 teneantque
1386 1421 1550 1468 fideles
1571 1439 1582 1477 ;

419 1513 558 1546 omne
578 1511 934 1563 supervacuum·
949 1495 1093 1552 pleno
1113 1495 1174 1543 de
1193 1497 1387 1552 pectore
1407 1497 1593 1542 manat.

420 1571 562 1618 Ficta
581 1569 846 1625 voluptatis
866 1584 1014 1617 causa
1035 1568 1134 1615 sint
1154 1568 1375 1625 proxima
1394 1569 1538 1625 veris,

419 1660 479 1691 ne
500 1643 831 1700 quodcumque
850 1642 969 1690 velit
990 1643 1159 1698 poscat
1181 1641 1271 1689 sibi
1290 1641 1459 1689 fabula
1479 1640 1625 1697 credi,

314 1737 399 1782 340
421 1733 515 1764 neu
535 1731 740 1772 pransae
761 1715 960 1762 Lamiae
981 1715 1146 1762 vivum
1168 1730 1373 1771 puerum
1389 1713 1619 1762 extrahat
1646 1711 1769 1760 alvo·

422 1789 681 1839 Centuriae
703 1789 945 1837 seniorum
966 1789 1160 1847 agitant
1175 1789 1396 1846 expertia
1414 1788 1588 1845 frugis,

421 1864 532 1912 celsi
552 1863 868 1920 praetereunt
888 1864 1087 1911 austera
1107 1863 1331 1918 poemata
1350 1862 1562 1908 Ramnes
1581 1880 1591 1907 ε

421 1952 559 1984 omne
580 1936 696 1984 tulit
717 1938 954 1992 punctum
975 1936 1057 1992 qui
1078 1934 1272 1982 miscuit
1291 1934 1410 1981 utile
1431 1933 1577 1990 dulci,

420 2010 650 2059 lectorem
671 2011 955 2058 delectando
975 2008 1254 2066 pariterque
1275 2007 1510 2055 monendo
1529 2026 1541 2063 ;

316 2098 399 2144 345
422 2084 500 2132 hic
521 2085 675 2133 meret
695 2099 809 2132 aera
826 2083 948 2130 liber
969 2081 1118 2129 Sosiis
1136 2100 1146 2138 ;
1175 2080 1254 2127 hic
1275 2083 1325 2128 et
1345 2095 1478 2127 mare
1496 2078 1676 2127 transit

423 2160 473 2206 et
492 2159 692 2215 longum
712 2158 829 2205 noto
850 2154 1076 2211 scriptori
1095 2155 1326 2211 prorogat
1346 2168 1535 2201 aevum.

424 2232 550 2279 Sunt
571 2231 747 2278 delicta
766 2232 932 2276 tamen
952 2227 1126 2283 quibus
1152 2227 1391 2284 ignovisse
1411 2225 1614 2274 velimus
1635 2243 1647 2281 ς

423 2320 538 2351 nam
558 2319 711 2360 neque
732 2302 913 2350 chorda
930 2315 1100 2348 sonum
1121 2300 1283 2348 reddit
1302 2315 1441 2357 quem
1474 2299 1582 2347 vult
1603 2311 1776 2345 manus

538 2379 588 2424 et
608 2391 761 2433 mens,

425 2450 733 2506 poscentique
753 2463 950 2506 gravem
972 2461 1204 2505 persaepe
1224 2445 1435 2494 remittit
1456 2446 1681 2501 acutum3

691 2542 751 2573 :3:30
792 2540 834 2573 at<
1309 2539 1369 2570 339
1408 2534 1513 2569 volet

523 2597 660 2645 [aa]
