2109 2975
166 450 222 495 Ῑ5

165 1648 224 1692 30

163 2027 221 2072 35

160 2431 222 2473 40

672 191 991 233 CARMINUM
1022 194 1099 234 IV.
1126 203 1201 233 xiv

369 287 543 336 deiecit
561 304 674 337 aeer
700 288 811 347 plus
830 289 935 337 viee
957 289 1165 347 simplici
1182 311 1195 349 ς

369 360 523 408 maior
540 360 794 409 Neronum
815 377 928 410 mox
945 379 1098 419 grave
1118 363 1358 420 proelium

424 434 661 481 commisit
679 434 1005 492 immanesque
1025 437 1211 485 Raetos
1233 496 1240 502 .

481 503 705 559 auspiciis
725 504 913 560 pepulit
933 507 1173 565 secundis,

366 601 658 657 spectandus
677 602 729 649 in
749 604 1012 650 eei-tamine
1032 604 1236 663 Martio,

367 673 543 722 devota
560 674 708 723 morti
726 676 925 732 pectora
942 675 1124 723 liberae

422 743 616 799 quantis
635 743 873 800 fatigaret
892 744 1045 792 ruinis
1068 765 1081 803 3

477 815 736 864 indomitas
757 832 904 875 prope
925 818 1081 875 qualis
1102 820 1257 867 undas

365 917 556 962 exercet
575 915 775 973 Auster,
798 917 1052 965 Ple'i'adum
1075 919 1220 966 choro

365 988 611 1035 scindente
631 989 800 1046 nubes,
822 989 1026 1047 impiger
1044 991 1258 1039 hostium

416 1074 588 1107 vexare
607 1062 797 1108 turmas
817 1064 868 1109 et
887 1063 1177 1111 frementem

477 1134 671 1181 mittere
690 1150 866 1190 equum
886 1136 1068 1185 medios
1088 1153 1175 1193 per
1194 1136 1347 1195 ignes.

367 1231 443 1278 Sic
464 1231 763 1279 tauriformis
784 1232 996 1281 volvitur
1013 1235 1237 1293 Aufidus»,

365 1304 447 1359 qui
465 1320 618 1361 regna
638 1306 802 1353 Dauni
823 1307 1049 1363 praefluit
1070 1309 1236 1367 Apuli,

420 1393 528 1424 cum
551 1378 703 1425 saevit
722 1378 1109 1435 horrendamque
1131 1382 1274 1428 cultis

476 1449 702 1499 diluviem
724 1451 1015 1500 meditatur
1010 1454 1159 1537 agris,

365 1550 420 1595 ut
440 1526 755 1597 barbarorum
778 1527 1008 1598 Claudius
1029 1554 1226 1609 agmina

364 1622 550 1670 ferrata
568 1624 709 1670 vasto
728 1624 878 1671 diruit
897 1624 1085 1682 impetu

419 1695 691 1752 primosque
707 1697 761 1744 et
780 1699 1021 1745 extremos
1040 1701 1267 1748 metendo

474 1769 651 1816 stravit
670 1769 871 1817 humum
893 1771 994 1819 sine
1015 1772 1151 1820 clade
1171 1774 1341 1831 victor,

361 1869 412 1914 te
433 1867 610 1925 copias,
632 1869 682 1915 te
703 1868 957 1916 eonsilium
977 1871 1028 1916 et
1048 1871 1176 1918 tuos·

363 1941 624 1996 praebente
645 1940 793 1990 divos,
854 1941 983 1990 Nam
1002 1943 1111 2000 tihi,
1132 1959 1227 2000 quo
1245 1946 1321 1992 die

419 2014 588 2069 portus
608 2012 917 2063 Alexandrea
935 2015 1141 2072 supplex

472 2087 523 2134 et
542 2101 748 2134 vacuam
772 2087 1005 2143 patefecit
1024 2089 1206 2149 aulam,

360 2185 583 2233 Fortuna
601 2185 759 2233 lustro
778 2202 1009 2245 prospera
1027 2189 1177 2236 tertio

360 2258 473 2305 belli
489 2258 722 2307 secundos
741 2260 951 2308 reddidit
972 2260 1148 2320 exitus,

415 2332 697 2389 laudemque
717 2334 768 2382 et
786 2334 1008 2390 optatum
1028 2337 1239 2393 peractis

473 2404 685 2460 imperiis
705 2405 850 2455 decus
871 2408 1133 2465 arrogavit.

781 2510 820 2539 28
860 2507 1072 2542 minitatur

345 2563 362 2610 [
384 2575 454 2614 129
474 2564 491 2611 1

1412 2566 1539 2614 [ΜΓ
