2109 2975
1032 195 1255 237 HORATI

467 294 622 341 mixta
634 307 803 341 senum
817 306 875 342 ac
889 294 1121 342 iuvenum
1134 291 1403 341 densentur
1408 292 1586 342 funera
1603 292 1821 350 mullum

387 382 443 413 20
691 382 836 416 saeva
855 368 1005 424 caput
1027 367 1322 424 Proserpina
1341 366 1486 424 fugit.

466 441 548 489 Me
569 456 754 497 quoque
775 441 945 489 devexi
962 441 1165 498 rapidus
1185 455 1343 489 comes
1363 440 1554 488 Orionis

689 514 896 571 Illyricis
916 514 1079 562 Notus
1098 513 1263 562 obruit
1282 513 1440 562 undis.

465 588 533 635 At
554 590 627 644 tu,
648 589 817 645 nauta,
839 603 993 645 vagae
1012 603 1074 636 ne
1103 602 1249 645 parce
1268 587 1514 647 malignus
1533 587 1743 636 harenae

689 661 873 710 ossibus
895 662 944 708 et
965 661 1114 718 capiti
1134 660 1388 708 inhumato

386 749 440 795 25
465 733 756 791 particulam
770 735 886 782 dare
906 756 915 782 ε
934 734 1019 792 sic,
1031 734 1365 791 quodcumque
1374 734 1641 782 minabitur
1653 734 1817 782 Eurus

690 808 916 856 fluctibus
937 808 1204 866 Hesperiis,
1226 807 1503 856 Venusinae

464 882 742 939 plectantur
761 881 909 929 silva‘e
927 883 978 929 te
998 881 1195 939 sospite,
1217 882 1464 937 multan
1484 896 1683 938 merces,

687 955 817 1003 unde
835 957 1012 1013 potest,
1033 955 1125 1003 tibi
1144 955 1328 1003 defluat
1347 970 1499 1011 aequo

465 1030 527 1076 ab
546 1029 661 1077 Iove
681 1028 1005 1086 Neptunoque
1025 1028 1152 1076 sacri
1172 1028 1369 1076 custode
1391 1027 1607 1076 Tarenti.

385 1117 440 1160 30
690 1103 920 1160 Neglegis
938 1101 1194 1151 immeritis
1214 1101 1487 1149 nocituram

464 1177 716 1235 postmodo
734 1179 785 1225 te
803 1177 933 1225 natis
951 1176 1178 1226 fraudem
1198 1175 1533 1223 committere?
1590 1174 1712 1224 Fors
1731 1178 1783 1223 et

687 1249 852 1299 debita
870 1250 979 1297 iura
997 1248 1218 1305 vicesque
1245 1248 1480 1305 superbae

462 1326 513 1372 te
534 1325 764 1373 maneant
784 1324 942 1380 ipsum
960 1343 972 1370 ε
999 1321 1224 1379 precibus
1243 1337 1340 1369 non
1360 1322 1553 1379 linquar
1571 1322 1757 1379 inultis,

687 1398 830 1453 teque
849 1395 1042 1452 piacula
1062 1395 1199 1443 nulla
1217 1395 1476 1444 resolvent.

383 1482 438 1530 35
465 1471 767 1530 Quamquam
787 1468 1009 1527 festinas,
1029 1484 1130 1517 non
1150 1469 1225 1517 est
1246 1483 1382 1517 mora
1401 1468 1549 1528 longa
1567 1486 1580 1527 ς
1608 1467 1771 1518 licebit

687 1543 864 1594 iniecto
881 1545 961 1592 ter
979 1542 1178 1600 pulvere
1199 1556 1385 1591 curras.

1054 1807 1223 1856 XXIX

630 1924 763 1982 1001,
783 1921 940 1972 beatis
959 1938 1090 1971 nunc
1109 1922 1327 1970 Arabum
1348 1923 1532 1970 invides

631 1997 781 2055 gazis,
803 1997 853 2044 ct
873 2011 1035 2044 acrem
1056 1996 1280 2043 militiam
1300 2012 1443 2054 paras

684 2086 783 2118 non
802 2072 917 2118 ante
935 2069 1137 2119 devictis
1157 2069 1370 2118 Sabaeae

741 2143 951 2203 regibus,
972 2142 1283 2199 horribilique
1303 2143 1449 2197 Medo

410 2296 435 2341 5
631 2271 783 2318 nectis
804 2271 1036 2319 catenas?
1092 2267 1228 2324 Quae
1246 2266 1337 2314 tibi
1354 2267 1597 2324 virginum

629 2360 806 2402 sponso
829 2346 1005 2393 necato
1021 2341 1233 2389 barbara
1250 2341 1458 2389 serviet?

670 2420 803 2469 Puer
822 2419 926 2475 quis
945 2432 1005 2465 ex
1023 2414 1139 2463 aula
1156 2415 1342 2471 capillis

743 2493 805 2539 ad
825 2490 1054 2548 cyathum
1075 2490 1322 2536 statuetur
1340 2489 1517 2545 unctis,

561 2568 677 2618 [36]
