2109 2975
752 193 1084 237 CARMINUM:
1104 195 1185 236 111.
1212 204 1256 235 lv

465 291 576 340 Non
597 291 686 340 hoe
704 292 890 341 iocosae
910 293 1164 341 conveniet
1182 293 1343 350 lyrae:

239 378 300 420 70
461 379 571 421 quo,
601 365 764 422 Musa,
784 366 979 414 tendis?
1037 366 1215 424 Desine
1235 367 1461 423 pervicax

517 439 700 486 referre
720 454 962 487 semones
982 439 1186 487 deorum
1205 441 1254 487 et

573 526 751 569 magna
770 512 923 560 modis
943 515 1151 560 tenuare
1173 514 1353 569 parvis.

952 725 1026 771 IV

459 830 763 879 Dnscsume
785 831 918 880 eaelo
937 833 987 880 et
1007 829 1085 880 die
1105 847 1195 889 age
1214 832 1334 879 tibia

454 901 625 962 regina
643 903 841 962 longum
863 904 1079 960 Calliope
1098 905 1264 961 meloS‚

511 991 597 1024 seu
616 992 730 1025 voce
750 993 880 1026 nune
899 978 1051 1025 mavis
1072 981 1234 1036 acuta,

570 1066 656 1098 seu
674 1050 847 1099 fidibus
867 1050 1116 1100 citharave
1136 1051 1334 1100 Phoebi.

264 1177 289 1223 5
458 1158 668 1215 Auditis,
690 1174 755 1205 an
774 1174 852 1206 me
870 1157 999 1206 ludit
1018 1158 1239 1206 amabilis

456 1229 675 1279 insania?
731 1228 917 1279 Audire
938 1233 988 1279 et
1008 1231 1175 1279 videor
1192 1232 1295 1287 pios

508 1319 673 1353 errare
694 1320 780 1360 per
799 1305 949 1361 lucos,
972 1320 1201 1353 amoenae

565 1394 681 1436 quos
701 1382 750 1426 et
769 1394 922 1434 aquae
943 1379 1153 1426 subeunt
1177 1381 1227 1427 et
1248 1395 1413 1427 aurae.

454 1486 536 1534 Me
557 1484 805 1534 fabulosae
825 1484 1039 1533 Vulture
1059 1483 1111 1532 in
1129 1484 1291 1542 Apulo

231 1582 285 1614 10
449 1559 650 1608 nutricis
671 1561 811 1607 extra
830 1559 977 1607 limen
997 1559 1202 1615 Apuliae

508 1634 623 1683 ludo
641 1632 1001 1690 fatigatumque
1022 1649 1190 1681 somno

564 1708 735 1755 fronde
755 1722 880 1755 nova
901 1722 1105 1763 puerum
1125 1707 1373 1763 palumbes

450 1818 631 1871 texere,
653 1813 830 1861 mirum
852 1813 980 1869 quod
997 1814 1127 1861 foret
1147 1813 1383 1871 omnibus,

450 1887 734 1944 quicumque
755 1886 909 1935 celsae
930 1886 1098 1933 nidum
1120 1885 1443 1934 Acherontiae

227 1990 280 2034 ¹5
505 1960 751 2018 saltusque
770 1960 1012 2008 Bantinos
1033 1962 1083 2008 et
1104 1974 1276 2007 arvum

558 2034 734 2091 pingue
753 2035 924 2081 tenent
942 2033 1140 2080 humilis
1160 2032 1377 2090 Forenti,

447 2143 503 2188 ut
523 2143 633 2188 tuto
650 2141 713 2188 ab
733 2141 854 2188 atris
875 2156 1071 2196 corpore
1091 2140 1266 2196 viperis

447 2214 701 2262 dormirem
723 2214 774 2262 et
794 2214 936 2271 ursis,
961 2216 1019 2261 ut
1039 2228 1284 2270 premerer
1305 2228 1441 2260 sacra

500 2288 730 2344 lauroque
752 2287 1020 2344 collataque
1042 2289 1220 2343 myrto,

226 2386 282 2418 20
556 2377 651 2410 non
673 2362 774 2409 sine
795 2362 867 2408 dis
888 2360 1133 2408 animosus
1153 2359 1331 2408 infans,

345 2466 385 2497 10
426 2461 591 2496 nutricis
609 2487 617 2495 .
639 2485 645 2492 .
670 2487 679 2495 .
697 2459 837 2495 limina
872 2458 1020 2495 Pulliae
1053 2459 1157 2494 codd.
1189 2457 1323 2499 aliqui.
1359 2457 1444 2492 iude
1473 2457 1546 2491 alii
1577 2455 1657 2490 ann

305 2502 615 2537 consectatum-emt.

399 2559 517 2607 [75]
1427 2552 1561 2599 [σε]
