2109 2975
332 456 383 501 15

326 1316 377 1363 25

325 2515 378 2544 10

976 199 1200 241 HORATI

580 297 741 355 Sume,
763 298 1038 357 Maecenas,
1061 301 1260 357 cyathos
1280 302 1426 350 amici
1448 325 1456 335 ·

579 370 769 427 sospitis
790 374 987 420 centum
1006 374 1057 420 et
1077 374 1245 430 vig-iles
1266 373 1488 422 lucernas

579 444 740 498 perfer
758 444 808 491 in
828 444 984 493 lucem
1004 467 1014 493 z
1049 446 1219 502 procul
1239 447 1395 496 omnis
1415 447 1522 495 esto

802 517 985 566 clamor
1003 522 1053 567 et
1074 520 1164 568 ira.

579 632 726 680 Mitte
747 633 910 682 civiles
931 649 1079 692 super
1098 635 1217 683 urbe
1236 651 1404 684 curas:

577 705 765 753 Occidit
785 707 910 756 Daci
930 708 1172 757 Cotisonis
1191 724 1386 767 agmen,

577 778 752 826 Medus
772 780 981 828 infestus
1001 782 1095 829 sibi
1113 781 1349 830 luctuosis

800 853 999 901 dissidet
1019 855 1185 913 armis,

576 967 725 1014 servit
744 968 995 1025 Hispanae
1013 972 1157 1018 vetus
1176 970 1329 1019 hostis
1348 986 1461 1019 orae

576 1040 820 1089 Cantaber
837 1057 948 1089 sera
967 1043 1178 1090 domitus
1199 1047 1388 1101 catena,

575 1114 670 1161 iam
693 1114 904 1171 Scythae
924 1116 1035 1163 laxo
1056 1115 1357 1164 meditantur
1376 1132 1494 1166 arcu

799 1188 966 1235 cedere
980 1203 1084 1235 eam
1088 1189 1180 1244 pis.

576 1302 869 1361 Neglegens‚
892 1318 953 1351 ne
972 1318 1070 1359 qua
1089 1303 1293 1360 populus
1314 1304 1501 1353 laboret

574 1390 717 1431 parce
739 1376 959 1431 privatus
978 1376 1181 1424 nimium
1203 1393 1400 1426 cavere:

571 1448 701 1496 dona
719 1450 988 1505 praesentis
1009 1466 1127 1508 cape
1147 1451 1306 1500 laetus
1326 1452 1473 1500 horae
1490 1452 1541 1500 et

798 1522 960 1579 linque
981 1539 1167 1572 severa.

1046 1720 1122 1768 IX

570 1836 768 1884 Domnc
789 1839 962 1893 gratus
984 1852 1118 1885 eram
1138 1837 1229 1885 tibi

623 1923 713 1956 nec
733 1909 982 1966 quisquam
1003 1911 1161 1966 potior
1177 1909 1404 1959 bracchia
1423 1911 1653 1960 candidae

571 1980 743 2028 cervici
763 1982 947 2030 iuvenis
968 1984 1135 2040 dabat,

626 2054 887 2103 Persarum
907 2057 1039 2113 vigui
1057 2072 1172 2114 rege
1191 2056 1393 2105 beatior.

571 2126 736 2176 Donec
756 2145 852 2177 non
871 2129 969 2177 alia
988 2130 1142 2197 magis

625 2201 787 2250 arsisti
807 2219 960 2259 neque
980 2206 1087 2250 erat
1109 2203 1262 2259 Lydia
1280 2206 1391 2259 post
1414 2204 1613 2261 Chloen,

570 2274 713 2321 multi
731 2275 885 2332 Lydia
903 2276 1110 2323 nominis

635 2349 859 2395 Romana
876 2347 1010 2404 vigui
1028 2347 1202 2396 clarior
1220 2348 1328 2397 Ilia.

570 2422 653 2468 Me
673 2435 804 2468 nnnc
826 2420 1038 2467 Thressa
1059 2420 1206 2469 Chloe
1227 2423 1371 2481 regit,

625 2493 789 2540 dulces
809 2493 954 2540 docta
972 2493 1137 2541 modos
1158 2496 1207 2542 et
1228 2496 1445 2543 citharae
1467 2496 1638 2553 sciens,

499 2567 613 2614 [84]
