2109 2975
734 204 1073 246 SATIRARUM
1110 205 1166 244 11.
1194 214 1256 244 vn

307 303 560 352 matronae
580 304 826 359 peccantis
848 304 901 351 in
921 304 1064 352 ambo
1082 303 1216 351 iustu
1235 306 1488 360 potestas?

308 376 370 423 In
389 378 725 433 corruptorem
745 377 823 425 vel
842 377 1033 425 iustior.
1093 377 1198 426 Illa.
1208 378 1374 425 tamen
1396 392 1446 424 se

307 451 406 498 non
425 448 599 498 habitu
618 452 841 499 mutatve
859 450 983 507 loco,
1005 451 1237 506 peccatve
1257 465 1479 506 superne.

228 526 285 580 65
311 523 434 571 Cum
452 525 505 571 te
524 523 753 572 formidet
773 524 947 572 mulier
966 538 1122 580 neque
1142 523 1310 572 credat
1330 523 1532 580 amanti,

307 595 399 643 ibis
420 595 509 643 sub
528 596 719 645 furcam
740 597 970 654 prudens,
990 595 1278 653 dominoque
1296 596 1482 645 furenti

309 670 583 718 committes
611 685 714 718 rem
744 684 937 717 omnem
972 671 1022 717 et
1055 669 1208 717 vitam
1238 670 1289 715 et
1323 683 1434 717 cum
1469 684 1669 725 corpore

427 742 629 792 famam.

310 817 513 866 Evastiz
552 816 694 865 credo
713 818 900 865 metues
920 816 1185 875 doctusque
1205 815 1395 866 cavebis
1415 835 1427 863 ε

310 904 511 948 quaeres
530 889 724 946 quando
740 888 921 937 iterum
940 903 1118 945 paveas
1137 887 1411 945 iterumque
1430 888 1589 944 perire
1662 945 1667 948 ,

229 976 288 1017 70
311 962 479 1020 possis,
497 977 531 1010 ‘o
548 963 695 1011 toties
718 965 912 1010 servus!
975 961 1112 1020 Quae
1131 961 1275 1009 belua.
1294 962 1470 1018 ruptis,

311 1048 422 1082 eum
443 1030 590 1080 semel
610 1031 801 1088 effugit,
822 1030 983 1079 reddit
1002 1042 1057 1078 se'
1073 1045 1228 1087 prava
1246 1031 1462 1087 catjenis?

311 1105 424 1152 Non
433 1120 539 1152 sum
546 1103 791 1161 moechus,
801 1104 888 1150 ais.
904 1104 1069 1160 Neque
1078 1119 1166 1161 ego
1173 1103 1368 1151 hercule
1377 1102 1461 1150 fur
1468 1103 1551 1150 ubi
1558 1119 1675 1151 vasa

312 1180 567 1234 praetereo
586 1177 775 1234 sapiens
796 1178 1033 1233 argentea
1053 1198 1064 1223 ι
1093 1177 1210 1225 tolle
1229 1176 1481 1234 periclum,

313 1250 409 1299 iam
430 1265 559 1307 vaga
576 1249 795 1307 prosiliet
814 1249 968 1297 frenis
988 1251 1171 1297 natura.
1191 1250 1405 1298 remotis.

230 1338 288 1385 75
314 1324 453 1372 Tune
472 1323 592 1371 mihi
610 1323 852 1381 dominus,
874 1338 1041 1372 rerum
1064 1323 1280 1379 imperiis
1299 1324 1643 1380 hominumque

313 1398 389 1444 tot
407 1397 655 1453 tantisque
675 1396 850 1454 minor,
872 1411 1015 1453 quem
1034 1398 1113 1444 ter
1132 1396 1349 1452 vindicta
1367 1398 1633 1454 quaterque

312 1470 543 1528 imposita
561 1470 693 1519 haud
713 1486 929 1528 unquam
950 1469 1129 1518 misera.
1146 1470 1401 1519 formidine
1422 1469 1616 1527 privet?

313 1544 455 1592 Adde
476 1559 637 1601 super,
660 1544 803 1593 dictis
822 1544 951 1601 quod
969 1560 1070 1592 non
1089 1544 1242 1592 levius
1261 1544 1422 1592 valeat
1443 1565 1455 1592 ι
1482 1560 1597 1591 nam

315 1619 415 1665 sive
435 1617 643 1665 vicarius
662 1619 738 1666 est
757 1619 841 1675 qui
860 1633 999 1666 servo
1018 1620 1177 1675 paret,
1198 1618 1274 1665 uti
1293 1633 1396 1666 mos

236 1697 293 1741 80
316 1692 478 1739 vester
491 1691 577 1749 ait,
594 1706 680 1739 seu
690 1706 966 1748 conservus,
976 1690 1069 1739 tibi
1083 1691 1199 1749 quid
1214 1706 1320 1738 sum
1337 1696 1456 1749 ego?
1484 1694 1672 1749 Nempe

314 1767 375 1812 tu
396 1764 514 1811 mihi
533 1765 617 1821 qui
634 1764 885 1822 imperitas
904 1765 988 1812 alii
1008 1765 1161 1812 servis
1181 1764 1326 1812 miser
1343 1766 1489 1822 amne

317 1837 507 1886 duceris
527 1839 584 1884 ut
604 1838 767 1885 nervis
786 1837 956 1885 alienis
976 1837 1153 1885 mobile
1172 1837 1374 1896 lignum.

318 1906 555 1962 Quisnam
572 1906 728 1962 igitur
739 1906 892 1954 liber?
951 1906 1153 1963 Sapiens
1170 1906 1260 1954 sibi
1271 1906 1354 1962 qui
1369 1907 1671 1966 imperiosus,

317 1995 460 2036 quem
488 1994 641 2036 neque
669 1980 924 2037 pauperies
958 1995 1113 2036 neque
1139 1994 1268 2027 mors
1297 1996 1450 2036 neque
1479 1980 1676 2028 vincula.

430 2054 639 2110 terrent,
1215 2052 1223 2059 ’

236 2132 294 2185 85
318 2141 603 2182 responsare
623 2127 945 2184 cupidinibus,
968 2130 1275 2174 contemnere
1294 2126 1497 2174 honores

317 2198 480 2256 fortis,
501 2200 552 2246 et
571 2199 623 2246 in
643 2214 693 2247 se
712 2200 817 2255 ipso
837 2202 989 2257 totus,
1011 2202 1158 2257 teres,
1182 2201 1327 2255 atque
1346 2200 1601 2257 rotundus,

318 2272 510 2320 externi
528 2287 589 2319 ne
604 2273 718 2330 quid
737 2273 899 2320 valeat
918 2287 1005 2329 per
1023 2271 1128 2320 leve
1148 2273 1344 2330 morari,

318 2345 371 2392 in
390 2360 532 2401 quem
554 2359 727 2392 manca
745 2345 847 2391 ruit
868 2361 1057 2402 semper
1075 2345 1290 2393 fortuna.
1353 2346 1562 2395 Potesne

319 2433 380 2466 ex
397 2417 474 2466 his
494 2421 550 2466 ut
564 2416 814 2475 proprium
826 2418 942 2475 quid
957 2422 1188 2468 noscere?
1246 2419 1466 2477 Quinque
1486 2419 1677 2467 talenta

882 2511 924 2544 83
965 2508 1119 2552 sibique

421 2568 526 2618 [231
549 2567 566 2615 1
