2109 2975
603 206 1013 249 EPISTULARUM
1049 208 1083 247 Ι.
1109 215 1179 255 xv,
1204 215 1279 246 xvi

265 308 447 357 scilicet
467 309 524 355 ut
545 310 739 356 ventres
758 308 924 355 lamna
942 308 1180 356 candente
1199 308 1429 363 nepotum

264 380 447 429 diceret
472 381 700 439 ureudOS,
722 384 967 429 correctus
987 381 1204 428 Bestius.
1265 380 1404 428 Idem

263 455 493 511 quicquid
511 456 622 502 erat
638 455 813 503 nactus
834 455 1039 512 praedae
1055 454 1250 502 maioris
1270 453 1352 501 ubi
1371 469 1512 502 omne

263 529 482 575 verterat
501 527 552 574 in
564 527 756 574 fumum
767 530 818 575 et
835 528 1060 586 cinerem,
1080 527 1091 549 ‘
1103 527 1154 574 Ν
1154 542 1217 575 on
1231 526 1426 575 hercule
1439 528 1621 584 miror‚’
1656 562 1669 570 ,

185 618 240 658 40
263 601 442 658 aiebat,
465 601 476 623 ‘
493 601 533 648 si
552 601 635 657 qui
654 601 913 648 comedunt
932 601 1076 657 bonas,
1098 617 1208 648 cum
1229 601 1293 648 sit
1313 601 1457 649 obeso

263 675 331 722 nil
353 674 525 722 melius
544 675 707 731 turdo,
729 674 797 721 nil
818 674 965 721 vulva
987 674 1234 731 pulchrius
1254 675 1452 731 ampla)

262 748 509 797 Nimirum
528 747 607 795 hic
626 762 716 805 ego
735 763 842 795 sum
859 765 872 805 ς
903 763 1017 794 nam
1037 749 1151 795 tuta
1169 750 1220 795 et
1241 748 1447 803 parvula
1465 748 1610 795 laudo

262 836 374 869 cum
394 836 472 868 res
493 820 741 878 deficiunt,
765 820 884 869 satis
903 821 1034 869 inter
1052 820 1170 869 vilia
1186 821 1359 877 fortis,
1346 839 1358 851 ·

261 910 433 943 verum
453 894 537 942 ubi
555 894 673 950 quid
692 894 863 941 melius
884 894 1126 952 contingit
1146 895 1197 943 et
1215 894 1430 952 unctius,
1452 894 1579 943 idem
1660 925 1665 929 -

185 976 240 1022 45
263 984 350 1016 vos
371 982 538 1025 sapere
559 970 609 1015 et
629 967 753 1016 solos
773 967 852 1016 aio
869 966 991 1015 bene
1010 968 1190 1025 vivere,
1213 982 1418 1023 quorum

263 1040 560 1097 conspicitur
579 1040 746 1089 nitidis
766 1040 975 1089 fundata
994 1041 1201 1098 pecunia
1220 1039 1362 1087 villis.

880 1227 1001 1275 XVI

262 1337 347 1384 NE
370 1335 665 1393 perconteris
684 1335 867 1382 fundus
891 1349 1044 1390 meus,
1067 1334 1248 1389 optime
1271 1333 1484 1390 Quincti,

262 1426 381 1458 arvo
400 1412 570 1467 pascat
590 1424 728 1457 erum
749 1424 812 1456 an
832 1408 964 1455 bacis
985 1406 1238 1463 opulentet
1257 1406 1427 1463 olivae,

264 1484 480 1541 pomisne
500 1500 564 1531 an
586 1482 740 1541 pratis
760 1498 825 1531 an
846 1481 1026 1530 amicta
1046 1480 1227 1529 vitibus
1248 1479 1396 1537 ulm0,

265 1558 505 1606 scribetur
524 1557 614 1605 tibi
633 1559 793 1606 forma
812 1556 1078 1614 loquaciter
1097 1559 1147 1604 et
1167 1556 1290 1603 situs
1309 1555 1434 1609 agri.

218 1644 243 1689 5
266 1631 497 1680 Continui
516 1633 722 1688 montes,
743 1631 795 1678 ni
814 1629 1135 1679 dissocientur
1153 1643 1305 1686 opaca

265 1703 408 1760 valle,
432 1704 513 1750 sed
534 1705 592 1751 ut
611 1703 808 1751 veniens
829 1704 1056 1751 dextrum
1077 1702 1209 1750 latus
1225 1700 1429 1757 aspiciat
1451 1699 1548 1756 Sol,

265 1777 456 1824 laevum
477 1777 725 1824 discedens
747 1792 893 1824 curru
913 1776 1134 1832 fugiente
1155 1776 1371 1831 vaporet.

264 1850 567 1906 Temperiem
587 1849 771 1898 laudes.
833 1850 976 1906 Quid,
999 1849 1039 1897 si
1059 1848 1327 1897 rubicunda
1344 1846 1540 1905 benigni

266 1939 415 1971 corna
430 1939 599 1979 vepres
618 1926 667 1971 et
688 1939 847 1980 pruna
868 1923 1067 1971 ferant?
1094 1924 1135 1971 si
1155 1936 1359 1979 quercus
1377 1923 1427 1968 et
1446 1920 1543 1967 ilex

194 2010 245 2043 10
266 1996 424 2044 multa
442 1996 586 2054 fruge
606 2012 753 2053 meus
771 1997 930 2046 multa
949 1997 1196 2045 dominum
1216 1996 1350 2044 iuvet
1370 1993 1579 2041 umbra?
1662 2044 1669 2049 ,

267 2070 414 2118 Dicas
435 2070 698 2118 adductum
719 2070 916 2127 propius
937 2071 1162 2119 frondere
1179 2070 1467 2118 Tarentum.

265 2142 396 2191 Fons
416 2142 565 2191 etiam
584 2144 691 2192 rivo
709 2144 825 2193 dare
846 2159 1021 2192 nomen
1040 2145 1258 2202 idoneus,
1284 2145 1342 2191 ut
1360 2156 1449 2189 nec

264 2216 488 2274 frigidior
506 2216 747 2266 Thracam
768 2233 857 2266 nec
877 2217 1046 2274 purior
1067 2217 1252 2265 ambiat
1273 2214 1489 2264 Hebrus.

265 2289 457 2338 infirmo
476 2290 625 2347 capiti
644 2290 753 2338 fluit
773 2290 925 2350 utilis,
947 2291 1082 2338 utilis
1102 2290 1228 2339 alvo.

195 2367 245 2412 15
267 2363 376 2411 Hae
396 2362 612 2415 latebrae
632 2363 813 2422 dulces,
835 2364 1001 2422 etiam,
1019 2364 1062 2412 si
1081 2364 1254 2422 credis,
1276 2375 1523 2418 amoenae,

268 2436 556 2486 incolumem
576 2438 667 2485 tibi
687 2453 764 2486 me
784 2439 1039 2494 praestant
1063 2436 1426 2494 Septembribus
1446 2433 1592 2481 horis.

364 2581 380 2630 [
415 2527 456 2622 θέ-
487 2527 697 2630 1οοττορωε
711 2524 815 2563 codd.
832 2525 887 2563 al.
928 2528 1120 2564 corrector
1133 2526 1230 2565 oeni.
1246 2524 1462 2564 Lamiam

398 2595 420 2622 2
449 2593 467 2621 ι
