2109 2975
209 985 266 1029 25

206 1794 261 1840 35

203 2199 259 2240 40

696 200 1011 243 CARMINUM
1047 201 1080 240 1.
1107 209 1162 248 xi,
1187 209 1248 240 xu

407 299 551 348 Unde
571 299 640 347 nil
661 298 815 347 maius
836 295 1101 356 generatur
1117 299 1238 356 ipso,

406 390 494 421 nec
514 373 648 430 viget
667 372 919 430 quiequam
941 373 1095 420 simile
1121 375 1207 419 aut
1227 374 1518 421 secundum:

406 447 646 503 proximos
667 446 737 494 illi
755 448 921 494 tamen
941 446 1206 502 occupavit

518 520 682 568 Pallas
701 519 921 568 honores.

403 636 605 685 Proeliis
626 637 784 684 audax
810 652 962 692 neque
980 638 1030 683 te
1061 635 1207 683 silebo

405 710 565 766 Liber,
587 713 637 757 et
657 711 811 757 saevis
826 710 1020 757 inimica
1038 709 1193 764 Virgo

402 783 570 841 beluis,
593 800 684 831 nee
702 786 753 831 te
772 783 1024 831 metuende
1046 785 1179 832 certa

515 858 707 905 Phoebe
728 858 924 915 sagitta.

405 971 577 1018 Dicam
599 971 649 1017 et
669 969 872 1017 Alciden
893 985 1157 1025 puerosque
1177 971 1351 1025 Ledae,

401 1042 531 1091 hunc
551 1043 700 1100 equis,
721 1042 858 1089 illum
879 1058 1107 1098 superare
1127 1043 1301 1099 pugnis

401 1116 610 1163 nobilem
628 1137 638 1163 z
670 1130 873 1171 quorum
895 1114 1035 1161 simul
1055 1114 1167 1162 alba
1185 1115 1347 1162 nautis

513 1189 656 1236 stella
666 1188 876 1244 refulsit,

400 1297 568 1345 defluit
588 1296 715 1343 saxis
736 1295 950 1352 agitatus
972 1311 1131 1351 umor,

400 1370 658 1418 concidunt
679 1368 812 1416 venti
841 1368 1130 1425 fugiuntque
1151 1370 1316 1425 nubes,

399 1446 448 1492 et
470 1442 816 1498 minax—quod
837 1442 903 1490 sic
923 1442 1323 1498 voluere—ponto

511 1517 642 1564 unda
660 1515 913 1563 recumbit.

397 1626 661 1673 Romulum
683 1625 791 1681 post
809 1624 896 1670 hos
915 1623 1067 1681 prius,
1090 1640 1153 1670 au
1174 1623 1387 1680 quietum

400 1698 606 1755 Pompili
626 1713 830 1756 regnum
850 1712 1127 1754 memorem,
1150 1711 1213 1742 an
1234 1695 1465 1759 superbos

399 1772 632 1828 Tarquini
652 1772 824 1828 fasces,
847 1769 1029 1833 dubim,
1052 1786 1117 1816 an
1137 1769 1334 1817 Catonis

508 1845 664 1893 nobile
683 1844 852 1892 letum.

397 1952 639 2010 Regulum
660 1954 708 1998 et
732 1951 935 1999 Scauros
956 1952 1238 2006 animaeque
1260 1965 1463 2006 mag-nae

396 2025 650 2082 prodigum
672 2026 878 2072 Paulum
899 2025 1157 2081 superante
1178 2024 1343 2071 Poeno

395 2101 566 2155 gratus
585 2099 763 2155 insigni
783 2099 991 2145 referam
1013 2098 1228 2144 Camena

507 2172 893 2229 Fabriciumque.

395 2281 542 2328 Hunc
562 2282 612 2327 et
631 2279 886 2336 incomptis
908 2279 1109 2326 Curium
1130 2276 1314 2333 capillis

394 2353 563 2400 utilem
582 2351 708 2399 bello
726 2352 842 2398 tulit
861 2354 910 2399 et
932 2351 1190 2398 Camillum

394 2441 538 2473 saeva
556 2427 818 2481 paupertas
838 2426 888 2472 et
909 2422 1069 2472 avitus
1090 2425 1207 2480 apto

505 2516 614 2547 cum
634 2500 736 2547 lare
755 2499 951 2546 fundus.

380 2574 502 2622 [21]
