2109 2975
592 195 1002 239 EPISTULARUM
1036 196 1072 237 I.
1099 205 1184 244 xiv,
1209 204 1266 236 xv

256 294 458 353 angulus
476 294 568 343 iste
583 294 712 343 feret
732 295 870 352 piper
888 297 939 343 et
958 297 1041 343 tus
1061 293 1192 342 ocius
1211 308 1326 351 uva,

253 382 338 417 nec
357 369 517 417 vicina
536 368 699 416 subest
718 369 886 415 vinum
905 369 1139 425 praebere
1158 367 1365 416 taberna

181 455 204 486 2
207 452 230 498 5
253 456 374 498 quae
392 442 546 499 possifi
564 442 672 499 tibi,
693 457 783 490 nec
802 441 1038 490 meretrix
1056 440 1434 498 tibicinamuius

252 515 314 562 ad
333 515 591 571 strepitum
612 515 756 563 salias
775 517 938 563 terrae
956 514 1123 572 gravis
1141 535 1152 562 ι
1173 515 1224 562 et
1244 516 1410 562 tamen
1430 528 1576 569 urges

250 588 532 644 iampridem
552 603 651 636 non
670 591 809 637 iacta
827 588 1069 647 ligonibus
1089 603 1209 635 arva
1226 587 1488 643 bovemque

252 662 545 711 disiuncfium
566 677 709 710 curas
729 663 779 710 et
800 662 985 709 strictis
1003 661 1258 709 frondibus
1276 661 1438 718 exples
1455 680 1468 717 3

250 736 386 783 addiiz
405 750 525 792 opus
544 735 683 793 pigro
702 736 852 792 rivus,
874 735 915 781 si
935 734 1115 783 decidit
1133 734 1304 792 imber,

177 820 230 863 30
250 804 408 852 multa
427 805 551 857 mole
570 804 813 853 docendus
834 804 999 861 aprico
1017 818 1220 861 parcere
1241 804 1397 859 prasso.

249 878 402 926 Nunc·
414 893 521 935 age,
542 878 659 934 quid
677 880 902 926 nostrum
919 878 1208 925 concenssum
1226 875 1414 928 dividat
1432 875 1562 924 audi.

251 950 403 1007 Quem
423 953 593 999 tenues
613 952 815 1000 decuere
833 953 977 1007 bogae
1001 950 1237 1006 nitidique
1257 949 1436 1006 capilli,

248 1039 391 1080 quem
412 1024 505 1073 scis
523 1025 786 1073 immunem
805 1023 1011 1073 Cinarae
1031 1023 1269 1080 placuisse
1286 1023 1469 1080 rapaci,

248 1112 390 1153 quem
409 1096 626 1144 bibulum
645 1096 815 1153 liquidi
833 1095 993 1143 media
1010 1095 1070 1143 de
1089 1095 1196 1143 luce
1216 1094 1431 1153 Falerni,

173 1178 226 1227 35
249 1184 368 1217 cena
386 1169 544 1218 brevis
564 1170 701 1218 iuvat
721 1171 773 1217 et
792 1184 941 1226 prope
961 1168 1123 1216 rivum
1145 1182 1341 1216 somnus
1359 1168 1412 1215 in
1430 1168 1597 1216 herba.

247 1243 353 1290 Nec
371 1242 541 1291 lusisse
562 1243 729 1299 pudet,
752 1242 835 1290 sed
851 1257 948 1290 non
967 1241 1180 1290 incidere
1200 1241 1387 1290 ludum.

248 1314 362 1363 Non
380 1315 492 1363 istic
510 1315 703 1371 obliquo
721 1315 860 1363 oculo
878 1330 987 1363 mea
1006 1314 1258 1362 commoda
1277 1313 1530 1371 quisquam

247 1387 403 1444 limat,
424 1403 521 1436 uon
539 1388 647 1436 odio
664 1388 869 1437 obscuro
889 1402 1145 1443 morsuque
1165 1388 1405 1444 venenafig

247 1460 407 1510 rident
426 1461 571 1510 vicini
588 1461 753 1519 glebas
770 1463 819 1510 et
841 1476 960 1509 saxa
978 1461 1268 1510 moventem.

172 1548 228 1591 40
250 1535 373 1583 Cum
393 1535 543 1584 servis
562 1535 752 1584 urbana
770 1534 925 1583 diaria
942 1535 1115 1583 rodere
1136 1535 1319 1585 mavis:

248 1608 421 1657 horum
440 1610 498 1656 tu
516 1609 567 1655 in
588 1623 846 1656 numerum
866 1609 980 1655 vobo
993 1608 1122 1665 ruis;
1153 1608 1336 1655 invidet
1356 1623 1497 1655 usum

247 1681 490 1738 lignorum
510 1683 560 1728 et
581 1681 765 1738 pecoris
783 1681 876 1729 tibi
896 1680 1001 1729 calo
1020 1683 1228 1738 argutus
1247 1683 1297 1729 et
1317 1681 1464 1730 horti.
1543 1701 1546 1704 ⁴

249 1754 403 1810 Optat
422 1753 650 1810 ephippia
666 1754 771 1811 bos,
793 1754 933 1811 piger
952 1755 1093 1810 optat
1114 1769 1253 1802 arare
1275 1754 1490 1803 caballus
1511 1774 1522 1810 ;

248 1843 393 1884 quam
414 1827 504 1875 scit
524 1828 727 1886 uterque
748 1827 902 1876 libens
924 1827 1128 1875 censebo
1148 1830 1374 1877 exerceat
1393 1831 1568 1878 artem.

873 2013 970 2061 XV

248 2120 403 2177 QUAE
419 2120 482 2168 sit
494 2120 679 2177 hiemps
689 2120 870 2179 Veliae,
881 2121 1227 2178 quodcaelum,
1239 2120 1379 2178 Vala‚
1392 2120 1600 2177 Salerni,

246 2209 451 2249 quorum
459 2193 707 2242 hominum
713 2195 846 2252 regio
853 2197 903 2242 et
912 2194 1068 2251 qualis
1076 2195 1171 2251 via,
1184 2195 1316 2252 (nam
1326 2193 1444 2242 mihi
1452 2193 1600 2244 Baias

249 2267 393 2314 Musa
412 2281 735 2322 supervacuas
754 2268 1017 2324 Antonius,
1040 2270 1090 2315 et
1111 2269 1278 2315 tamen
1296 2266 1391 2314 illis

248 2355 322 2386 me
343 2339 464 2387 facit
483 2341 707 2399 invisum,
728 2340 889 2396 gelida
909 2357 1017 2387 cum
1041 2340 1237 2397 perluor
1256 2341 1388 2388 unda

200 2431 225 2476 5
249 2427 333 2468 per
353 2412 561 2460 medium
581 2413 754 2470 frigus.
815 2413 940 2461 Sane
971 2416 1188 2472 myrteta
1205 2413 1431 2473 relinqui,

248 2485 469 2541 dictaque
489 2487 756 2534 cessantem
777 2487 938 2534 nervis
958 2487 1135 2537 elidere
1154 2488 1374 2537 morbum

343 2560 483 2608 [250]
1377 2562 1427 2609 [ι
1448 2560 1507 2608 2]
