2109 2975
768 206 1107 249 SATIRARUM
1143 208 1176 248 1.
1203 217 1248 248 vl

248 311 303 356 35
325 305 581 363 imperium
599 307 706 356 fore
724 308 775 355 et
794 307 1008 365 Italiam,
1028 305 1230 355 delubra
1248 305 1461 363 deorum,

324 394 417 434 quo
432 383 574 437 patre
595 381 660 428 sit
678 384 843 439 natus,
862 398 981 429 num
998 381 1170 437 ignota
1188 384 1345 429 matre
1363 380 1664 438 inhonestus,

323 469 489 502 omnes
510 455 742 502 mortales
763 471 936 503 curare
954 457 1006 503 et
1025 469 1256 511 quaerere
1277 454 1422 512 cogit.

325 522 337 542 ‘
358 523 499 569 Tune
521 522 647 580 Syri,
669 524 875 581 Damae,
896 525 984 571 aut
1004 522 1208 580 Dionysi
1227 523 1371 581 filius,
1391 523 1541 571 audes

323 595 511 643 deicere
530 595 589 642 de
608 611 725 643 saxo
745 596 873 644 cives
892 597 980 644 aut
999 596 1196 643 tradere
1216 596 1431 643 Cadmo?
1445 596 1457 616 ’

244 683 300 723 40
325 669 337 689 ⁶
356 669 426 716 At
446 669 632 716 Novius
653 669 841 725 collega
865 669 1023 728 gradu
1043 671 1155 725 post
1175 684 1252 716 me
1272 669 1406 718 sedet
1426 685 1552 727 uno;

323 757 532 798 namque
553 745 628 789 est
649 742 747 800 ille,
769 745 913 799 pater
931 742 1061 799 quod
1075 743 1184 790 erat
1196 742 1368 791 meus.'
1434 741 1447 765 ‘
1466 743 1576 791 Hoc
1596 743 1687 789 tibi

437 815 623 863 Paulus

324 890 376 936 et
396 889 612 937 Messala
632 889 849 937 videris?
905 889 977 937 At
995 889 1093 946 hic,
1115 888 1157 937 si
1175 889 1365 946 plostra
1384 889 1597 937 ducenta

325 962 714 1018 concurrantque
734 962 843 1010 foro
861 962 961 1010 tria
979 962 1174 1020 funera,
1195 978 1378 1021 magna
1397 962 1589 1010 sonabit

326 1050 511 1082 cornua
517 1034 644 1091 quod
651 1034 911 1091 vincamus
923 1034 1070 1082 tubas
1086 1053 1099 1092 3
1129 1035 1303 1083 saltem
1310 1036 1448 1083 tenet
1462 1034 1553 1083 hoc
1561 1035 1683 1082 nos.'

247 1117 303 1162 45
329 1108 474 1156 Nunc
493 1108 559 1156 ad
577 1123 654 1156 me
673 1109 817 1157 redeo
836 1108 1063 1157 libertino
1081 1110 1224 1165 patre
1243 1111 1433 1165 natm,

327 1197 468 1238 quem
486 1182 670 1230 rodunt
687 1198 853 1230 omnes
873 1182 1103 1231 libertino
1122 1185 1265 1239 patre
1284 1184 1474 1240 natum,

325 1270 456 1303 nunc
476 1255 590 1312 quia
609 1256 700 1303 sim
719 1255 828 1313 tibi,
848 1256 1130 1314 Maecenas,
1149 1256 1423 1313 convictor3
1451 1256 1506 1303 at
1524 1256 1638 1303 olim

325 1328 453 1384 quod
471 1328 592 1376 mihi
610 1329 807 1385 pareret
825 1328 953 1386 leg-io
970 1329 1197 1376 Romana
1215 1328 1428 1375 tribuno.

326 1401 572 1450 Dissimile
592 1401 684 1450 hoe
701 1402 776 1449 illi
796 1403 872 1451 est
888 1421 901 1458 ς
935 1401 1050 1458 quia
1068 1417 1168 1449 non
1187 1402 1245 1449 ut
1264 1401 1408 1448 forsit
1427 1400 1657 1450 honorem

248 1485 303 1532 50
325 1475 432 1523 iure
452 1475 573 1523 mihi
589 1475 804 1525 invideat
820 1475 991 1534 quivis,
1013 1475 1087 1524 ita
1105 1477 1155 1524 te
1175 1491 1361 1533 quoque
1380 1474 1607 1533 amicum,

326 1550 615 1607 praesertim
634 1552 835 1599 cautum
855 1551 1028 1608 dignos
1044 1550 1322 1606 adsumere,
1343 1563 1497 1605 prava

324 1623 586 1672 ambitione
606 1624 786 1681 procul.
846 1623 1056 1672 Felicem
1077 1623 1233 1671 dicere
1252 1638 1349 1670 non
1369 1621 1461 1670 hoc

323 1713 402 1745 me
422 1712 617 1753 possum
636 1714 752 1746 casu
772 1698 901 1753 quod
919 1699 970 1745 te
989 1697 1191 1745 sortitus
1210 1696 1419 1745 amicum
1435 1713 1448 1752 3

325 1769 463 1816 nulla
480 1771 657 1818 etenim
677 1770 798 1819 mihi
815 1771 866 1817 te
886 1770 988 1818 fors
1008 1770 1188 1818 obtulit
1206 1789 1222 1818 2
1247 1770 1460 1825 optimus
1478 1768 1592 1817 olim

246 1850 301 1897 55
326 1843 590 1901 Vergilius,
611 1846 722 1900 post
739 1844 871 1891 hunc
890 1843 1090 1899 Varius,
1112 1843 1274 1902 dixere
1294 1842 1409 1898 quid
1427 1856 1599 1890 essem.

324 1916 405 1964 Ut.
419 1916 530 1964 veni
549 1932 710 1965 coram
730 1917 982 1974 sing-ultim
1002 1931 1160 1973 pauca
1176 1915 1384 1972 locutus,

323 1989 491 2037 infans
511 2005 719 2047 namque
739 1991 896 2047 pudor
914 1989 1202 2047 prohibebat
1222 1988 1368 2045 plura
1384 1988 1585 2045 profari,

325 2078 427 2110 non
445 2079 534 2120 ego
553 2079 629 2111 me
649 2064 782 2111 claro
800 2066 973 2111 natum
993 2065 1156 2120 patre,
1174 2078 1272 2110 non
1292 2077 1382 2119 ego
1400 2062 1583 2110 circum

327 2152 404 2183 me
426 2137 714 2185 Satureiano
732 2138 918 2187 vectari
937 2153 1056 2184 rura
1076 2136 1279 2193 caballo,

245 2209 304 2253 60
329 2210 413 2257 sed
432 2211 560 2265 quod
578 2226 712 2258 eram
732 2226 895 2258 narro.
955 2209 1253 2267 Respondes,
1269 2211 1327 2256 ut
1340 2209 1457 2257 tuus
1469 2211 1544 2256 est
1565 2225 1684 2265 mos,

329 2282 496 2331 Pauca
515 2303 527 2331 ε
558 2283 677 2331 abeo
694 2302 706 2340 ;
741 2285 792 2331 et
810 2299 1007 2332 revocas
1027 2298 1155 2330 nono
1164 2284 1274 2339 post
1287 2298 1448 2330 mense
1459 2282 1686 2337 iubesque

329 2372 431 2405 esse
450 2357 501 2403 in
521 2357 784 2404 amicorum
805 2372 1023 2404 numero.
1085 2356 1323 2413 Magnum
1345 2355 1435 2402 hoc
1457 2371 1547 2411 ego
1564 2354 1689 2401 duco

330 2430 458 2486 quod
479 2430 639 2486 placui
658 2430 764 2487 tibi,
787 2431 869 2486 qui
887 2430 1023 2486 turpi
1044 2430 1254 2478 secernis
1273 2429 1547 2484 honestum,

330 2519 427 2551 non
450 2505 590 2559 patre
613 2502 878 2560 praeclare,
902 2504 985 2554 sed
1005 2503 1109 2551 vita
1128 2506 1178 2551 et
1200 2504 1395 2559 pectore
1415 2516 1552 2557 puro.

431 2577 572 2624 [18⁵]
