2109 2975
701 191 1117 233 EPISTULARUM
1153 190 1187 230 1.
1213 199 1287 230 XVI

313 304 497 347 servus,
516 290 529 311 ‘
544 289 709 338 Habes
729 290 959 347 pretium,
981 289 1098 337 loris
1117 303 1216 337 non
1235 288 1425 346 ureris:
1448 288 1540 335 aio.
1636 300 1646 347 j

313 364 325 385 ‘
338 364 450 412 Non
458 364 700 412 hominem
707 363 892 414 occidi.'
924 364 937 385 ‘
952 363 1066 411 Non
1075 377 1242 419 pasces
1251 362 1303 410 in
1312 377 1454 411 cruce
1466 361 1667 410 corvos?

314 437 326 457 ‘
347 438 464 485 Sum
477 437 631 486 bonus
643 440 693 486 et
706 438 873 495 frugi:
926 437 1111 486 Renuit
1124 436 1404 495 negitatque
1421 434 1641 483 Sabellus
1657 456 1669 481 ε

233 520 290 566 50
313 512 486 557 cautus
506 511 635 558 enim
656 511 833 559 metuit
851 511 1041 558 foveam
1063 509 1209 566 lupus
1228 509 1550 566 accipiterque
1638 519 1648 566 j

311 586 558 640 suspectos
579 584 774 640 laqueos
795 585 845 631 et
864 586 1091 639 opertum
1111 583 1288 630 miluus
1307 582 1523 630 hamum.

311 655 534 703 Oderunt
556 672 753 712 peccare
773 657 887 704 boni
908 657 1107 704 virtutis
1128 672 1290 703 amore
1310 674 1322 712 ς

307 732 367 776 tu
386 729 507 776 nihil
525 730 755 777 admittes
776 731 826 776 in
846 733 896 777 te
917 729 1174 777 formidine
1194 744 1374 786 poenae
1395 749 1405 775 ε

309 803 375 850 sit
390 818 497 859 spes
517 802 736 861 fallendi,
755 803 974 852 miscebis
994 815 1134 852 sacra
1153 803 1386 866 profanis.

228 887 284 933 55
309 876 440 923 Nam
460 876 520 925 de
539 877 670 925 mille
689 877 832 925 fabae
851 877 1021 926 modiis
1041 885 1151 928 cum
1172 877 1375 933 surripis
1396 887 1565 933 unum,

309 948 549 998 damnum'
561 951 636 997 est
655 965 751 998 nou
771 950 962 999 facinus
981 950 1101 1012 mihi
1120 952 1263 1006 pacto
1282 950 1436 998 lenius
1456 949 1568 996 isto.
1626 963 1642 1006 χ

310 1022 402 1070 Vir
428 1023 597 1080 bonus,
641 1038 783 1071 omne
822 1023 984 1072 forum
1019 1038 1161 1080 quem
1202 1024 1391 1079 spectat
1435 1024 1486 1070 et
1530 1037 1670 1080 omne

389 1136 396 1142 .
419 1095 656 1154 tribunal,
1422 1157 1432 1161 „

308 1170 707 1227 quandocumque
727 1171 839 1219 deos
860 1170 936 1217 vel
956 1184 1102 1226 porco
1120 1169 1196 1217 vel
1214 1169 1335 1217 bove
1356 1168 1537 1227 placat,

309 1244 429 1291 Iane
448 1245 590 1300 pater
611 1247 621 1291 Ξ
652 1243 797 1301 clare,
820 1244 949 1291 clare
969 1258 1083 1292 cum
1104 1242 1243 1299 dixit,
1265 1242 1471 1298 Apollo!

226 1316 286 1361 60
308 1316 448 1364 labra
466 1318 628 1364 movet
647 1319 871 1365 metuens
891 1315 1049 1364 audiri
1069 1336 1082 1363 ι
1112 1315 1124 1337 ‘
1143 1314 1359 1363 Pulchra
1377 1315 1621 1373 Laverua,

308 1391 371 1438 da
389 1390 508 1437 mihi
527 1390 714 1448 fallere,
735 1391 800 1438 da
817 1390 948 1438 iusto
968 1391 1231 1445 sanctoque
1247 1389 1417 1447 videri,

308 1465 500 1513 noctem
520 1464 731 1521 peccatis
750 1465 801 1513 et
821 1462 1076 1511 fraudibus
1098 1461 1229 1511 obice
1249 1461 1460 1511 nubem!

309 1537 404 1594 Qui
422 1537 592 1586 melior
610 1553 766 1595 servo,
789 1537 871 1593 qui
888 1537 1086 1585 liberior
1105 1536 1170 1584 sit
1190 1552 1385 1594 avarus,

310 1610 362 1657 in
381 1611 539 1658 triviis
559 1611 710 1659 fixum
731 1627 840 1660 cum
862 1626 911 1659 se
932 1610 1148 1658 demittit
1167 1610 1228 1658 ob
1248 1625 1422 1668 assem,

229 1686 286 1740 65
312 1699 408 1732 non
427 1684 565 1732 video
585 1704 596 1740 3
627 1701 742 1733 nam
763 1685 846 1742 qui
864 1684 1027 1742 cupiet
1046 1685 1233 1732 metuet
1253 1699 1468 1742 quoque3
1498 1698 1656 1741 porro,

310 1757 393 1813 qni
414 1760 635 1807 metuens
654 1759 803 1816 vivet,
825 1758 947 1806 liber
965 1758 1086 1806 mihi
1106 1773 1202 1806 non
1222 1758 1316 1806 erit
1336 1772 1585 1814 umquam.

309 1830 527 1879 Perdidit
545 1847 700 1889 arma,
721 1832 879 1880 locum
895 1832 1095 1880 virtutis
1115 1832 1344 1889 deseruit,
1365 1831 1447 1888 qui

308 1920 500 1961 semper
517 1904 569 1951 in
588 1906 811 1962 augenda
829 1905 1037 1954 festinat
1054 1908 1106 1954 et
1125 1904 1349 1953 obruitur
1368 1919 1438 1952 re.

309 1978 531 2025 Vendere
552 1993 662 2026 cum
683 1979 836 2034 possis
856 1979 1106 2036 captivum
1127 1978 1340 2027 occidere
1362 1977 1491 2034 noli3

226 2066 285 2107 70
309 2052 488 2099 serviet
507 2051 695 2099 utiliter
715 2072 726 2099 z
755 2051 857 2099 sine
876 2054 1045 2109 pascat
1067 2053 1220 2100 durus
1239 2053 1456 2108 ammae,

308 2124 507 2181 naviget
526 2139 583 2172 ac
603 2124 771 2172 mediis
791 2124 973 2173 hiemet
992 2128 1237 2173 mercator
1255 2126 1307 2172 in
1327 2124 1502 2180 undis;

309 2211 530 2245 annonae
550 2198 702 2254 prosit
720 2216 732 2254 3
763 2199 927 2254 portet
945 2198 1198 2246 frumenta
1217 2213 1480 2255 penusque.

308 2271 401 2318 Vir
417 2270 573 2318 bonus
593 2275 644 2319 et
664 2270 855 2328 sapiens
875 2270 1075 2319 audebit
1095 2271 1253 2320 dicere
1278 2292 1290 2320 ι
1321 2271 1333 2294 ‘
1352 2271 1593 2328 Pentheu,

307 2343 491 2392 Rector
510 2344 809 2402 Thebarum,
831 2344 948 2401 quid
968 2358 1045 2392 me
1067 2343 1285 2400 perferre
1305 2345 1503 2401 patique

226 2429 284 2474 75
308 2418 562 2475 indignum
576 2433 716 2476 coges
729 2420 770 2466 P'
807 2418 818 2440 ‘
832 2418 1061 2466 Adimam
1074 2418 1234 2467 bona.'
1272 2419 1284 2440 ‘
1301 2419 1489 2475 Nempe
1505 2432 1668 2475 pecuS,

421 2506 542 2548 rem,

407 2562 550 2613 [2⁶3]
