2109 2975
392 380 446 425 30

394 743 446 788 35

394 1113 451 1155 40

408 2345 461 2377 10

1022 235 1029 243 ,
1039 191 1260 233 nomm

584 290 735 339 Nulla
755 290 933 338 certior
953 291 1121 338 tamen

640 363 829 419 rapacis
851 363 965 412 Orci
984 363 1081 411 fine
1102 364 1344 412 destinata

583 438 698 486 aula
718 437 913 485 divitem
936 441 1104 486 manet

640 526 793 559 erum.
855 511 982 568 Quid
1003 511 1137 560 ultra
1155 512 1347 559 tendis?
1403 510 1573 567 Aequa
1585 510 1732 605 tellus

584 585 785 646 pauperi
804 584 1072 633 recluditur

641 674 902 715 regumque
922 659 1100 718 pueris,
1121 674 1210 709 nec
1229 658 1424 708 satelles
1445 658 1559 705 Orci

587 727 811 775 callidum
836 728 1127 776 Promethea

642 801 828 848 revexit
847 816 966 850 auro
987 804 1175 857 eaptus.
1234 801 1334 850 Hic
1352 800 1614 883 superbum

587 874 849 922 Tantalum
870 877 1014 933 afflue
1036 875 1237 924 Tantali

641 962 796 1004 genus
817 950 1022 1005 coercet,
1043 948 1123 995 hic
1142 947 1304 995 levare
1323 947 1547 995 functum

588 1036 848 1077 pauperem
868 1020 1113 1069 laboribus

643 1095 843 1142 vocatus
863 1096 1009 1150 amne
1032 1109 1129 1140 non
1148 1094 1349 1141 vocatus
1369 1093 1523 1140 audit.

1092 1410 1216 1457 XIx
1238 1468 1247 1476 ‚

591 1551 872 1598 BAccHUM
887 1552 938 1598 in
959 1552 1157 1599 remotis
1178 1552 1395 1600 carmina
1412 1552 1613 1608 rupibus

590 1624 688 1671 vidi
706 1616 1196 1672 docentem—credite
1215 1626 1452 1682 posteri—

647 1697 991 1754 Nymphasque
1014 1698 1254 1747 discentes
1273 1701 1324 1746 et
1345 1714 1489 1746 aures

705 1769 1018 1826 capripedum
1041 1763 1329 1829 Satyrorum
1350 1773 1536 1821 acutaS.

595 1906 747 1965 Euoe,
766 1909 951 1955 recenti
971 1924 1106 1956 mens
1125 1910 1339 1966 trepidat
1357 1910 1494 1956 metu

594 1974 826 2032 plenoque
846 1977 1028 2026 Bacchi
1048 1980 1244 2034 pectore
1264 1976 1515 2025 turbidum

650 2047 899 2102 laetamus
940 2051 1093 2107 Euoe,
1117 2066 1260 2106 parce
1280 2050 1441 2106 Liber,

707 2138 866 2181 parce,
888 2124 1028 2181 gravi
1050 2125 1307 2172 metuende
1327 2124 1523 2180 thyrso!

596 2262 692 2309 Fas
713 2264 985 2320 pervicaces
1005 2267 1081 2312 est
1099 2266 1219 2312 mihi
1238 2265 1481 2322 Thyiadas

596 2335 786 2391 vinique
808 2337 1011 2394 fontem,
1034 2337 1176 2383 lactis
1196 2340 1246 2384 et
1266 2337 1437 2386 uberes

663 2413 861 2457 cantare
881 2409 1009 2456 rivos
1029 2411 1175 2464 atque
1194 2412 1383 2458 truncis

710 2484 847 2537 lapsa
868 2482 996 2528 cavis
1016 2482 1193 2530 iterare
1214 2484 1387 2538 mella;

585 2557 600 2603 [
618 2557 699 2605 (5.6]
