2109 2975
1010 199 1233 241 HORATI

444 297 619 355 arripit
637 298 885 356 iratusque
905 297 1119 355 Philippi
1138 297 1300 347 tendit
1319 299 1383 347 ad
1401 298 1560 349 aedes.

362 385 422 430 90
446 371 598 428 Quem
626 371 770 419 simul
788 371 979 429 aspexit
998 371 1224 421 scabrum
1242 372 1585 431 intonsumque
1615 371 1800 429 Philip-

555 460 663 502 pus,
1524 471 1527 474 ·

446 519 457 540 ‘
478 519 681 576 Durus,'
703 520 791 578 ait,
816 521 827 543 ‘
843 520 1030 579 Vultei,
1050 520 1196 569 nimis
1216 522 1533 577 attentusque
1553 520 1730 569 videris

442 608 545 641 esse
565 592 719 641 mihi)
787 594 800 615 ‘
818 594 908 643 Pol
926 610 1003 644 me
1023 594 1273 652 miserum,
1294 596 1753 652 patrone„vooares‚

443 666 485 714 si
504 666 686 725 velles,'
709 667 886 726 inquit,
911 667 923 690 ‘
940 682 1109 717 verum
1130 667 1250 716 mihi
1268 682 1446 725 ponere
1464 672 1667 717 nomen!

444 741 583 798 Quod
600 743 651 790 te
671 757 759 799 per
778 741 986 791 Genium
1006 743 1324 799 dextramque
1342 742 1551 799 deosque
1571 741 1781 791 Penates

362 827 418 876 95
442 814 639 864 obsecro
657 817 708 864 et
727 815 961 874 obtestor,
982 816 1113 863 vitae
1132 831 1209 865 me
1230 815 1376 865 redde
1396 815 1579 872 priori.'

443 887 536 945 Qui
556 888 701 937 semel
721 889 910 945 aspexit
929 891 1169 946 quantum
1189 888 1388 938 dimissa
1406 889 1573 946 petitis

441 962 711 1019 praestent,
731 963 925 1011 mature
943 963 1115 1011 redeat
1134 964 1418 1019 repetatque
1439 962 1625 1012 relicta.

441 1033 607 1088 Metiri
628 1050 679 1085 se
698 1050 936 1093 quemque
954 1049 1044 1084 suo
1064 1035 1259 1084 modulo
1277 1051 1336 1085 ac
1354 1035 1475 1093 pede
1493 1051 1662 1085 verum
1682 1037 1777 1084 est.

1047 1222 1181 1269 VIII

442 1322 619 1371 Cuneo
638 1322 851 1379 gaudere
869 1323 920 1370 et
938 1321 1062 1370 bene
1082 1336 1186 1370 rem
1205 1337 1374 1379 gerere
1393 1321 1698 1369 Albinovano

440 1396 587 1443 Musa
606 1397 782 1454 rogata
800 1395 949 1453 refer,
971 1395 1137 1452 comiti
1157 1395 1436 1451 scribaeque
1455 1395 1679 1443 Neronis.

440 1468 492 1517 Si
501 1471 702 1526 quaeret
708 1468 822 1526 quid
830 1485 992 1528 agam,
1003 1468 1082 1518 dic
1089 1469 1248 1518 multa
1254 1470 1305 1519 et
1313 1469 1519 1526 pulchra
1527 1468 1797 1518 minantem

439 1543 602 1592 vivere
621 1559 711 1592 nec
729 1546 863 1592 recte
883 1559 972 1593 nec
991 1544 1209 1593 suaviter
1225 1562 1239 1601 3
1267 1543 1400 1592 haud
1419 1543 1534 1599 quia
1549 1543 1737 1601 grando

390 1630 419 1677 5
441 1617 717 1666 contuderit
735 1617 859 1666 vites
878 1617 1129 1675 oleamque
1149 1617 1464 1666 momorderit
1483 1618 1664 1672 aestua,

440 1705 530 1739 nec
549 1690 664 1746 quia
681 1690 954 1748 longinquis
975 1693 1255 1740 armentum
1275 1692 1497 1748 aegrotet
1515 1690 1569 1738 in
1586 1690 1718 1747 agris
1739 1708 1751 1744 ς

440 1763 524 1811 sed
543 1762 656 1820 quia
675 1765 837 1815 mente
857 1764 1019 1812 minus
1038 1764 1227 1813 validus
1248 1780 1392 1823 quam
1412 1778 1612 1820 corpore
1630 1765 1737 1811 toto

438 1836 509 1883 nil
526 1836 695 1885 audire
715 1836 874 1894 velim,
895 1837 965 1885 nil
984 1837 1185 1896 discere,
1207 1839 1335 1896 quod
1353 1838 1484 1887 levet
1503 1852 1732 1895 aegrum3

438 1909 547 1956 fidis
567 1910 790 1958 offendar
809 1910 1024 1969 medicis,
1044 1910 1230 1960 irascar
1248 1911 1432 1969 amicis,

364 1996 416 2027 10
439 1998 527 2030 cur
544 1998 623 2031 me
641 1982 841 2039 funesto
858 1986 1125 2042 properent
1144 1999 1311 2033 arcere
1330 1987 1533 2033 veterno
1549 2003 1562 2041 3

438 2071 560 2113 quae
579 2071 786 2106 nocuere
805 2073 996 2116 sequar,
1013 2058 1200 2115 fugiam
1221 2072 1344 2115 quae
1357 2058 1553 2116 protere
1568 2057 1788 2114 credam3

438 2130 624 2179 Romae
644 2131 799 2179 Tibur
816 2147 975 2180 amem
996 2135 1246 2189 ventosus,
1269 2131 1448 2180 Tibure
1467 2132 1692 2179 Romam.

439 2204 559 2253 Post
577 2204 698 2254 haec
717 2207 775 2253 ut
793 2205 975 2264 valeat,
997 2221 1094 2262 quo
1108 2207 1254 2263 pacto
1271 2221 1376 2253 rem
1394 2207 1607 2262 gerat-et
1629 2221 1680 2253 se

438 2281 496 2327 ut
515 2278 707 2336 placeat
726 2279 888 2328 iuveni
907 2281 1212 2337 percontare,
1232 2281 1383 2336 utque
1402 2279 1604 2328 cohorti.

362 2353 415 2400 15
439 2353 491 2400 Si
507 2353 651 2411 dicet,
676 2354 687 2376 ‘
706 2353 893 2409 Recte‚'
917 2352 1129 2409 primum
1148 2353 1376 2410 gaudere,
1398 2352 1599 2401 subinde

436 2429 748 2484 praeceptum
768 2425 997 2474 auriculis
1016 2424 1110 2474 hoc
1128 2424 1368 2474 instillare
1387 2427 1629 2475 memento
1648 2447 1658 2474 ε

437 2503 495 2549 ut
514 2503 571 2550 tu
591 2501 843 2549 fortunam
865 2498 934 2548 sic
953 2514 1041 2548 nos
1061 2500 1129 2558 te,
1151 2499 1307 2554 celse,
1328 2500 1560 2550 feremus.
1594 2530 1601 2533 -

534 2576 549 2623 [
568 2588 638 2625 252
659 2575 673 2622 1
