2109 2975
947 185 963 222 .'
1019 181 1241 223 RORATI

454 281 655 329 Cervius
676 280 830 328 iratus
850 282 981 337 leges
1002 280 1263 327 minitatur
1281 280 1331 327 et
1351 283 1543 335 urnam,
1584 282 1590 286 '

453 355 658 403 Canidia
676 354 852 402 Albuci
871 354 1042 409 quibus
1063 355 1138 401 est
1156 353 1352 401 inimica
1371 368 1624 409 venenum,

451 424 635 481 grande
655 423 836 474 malum
857 424 1054 481 Turius,
1077 422 1252 479 siquid
1271 439 1321 470 se
1341 423 1499 474 iudice
1517 424 1690 472 certes.

374 503 429 548 50
453 498 524 544 Ut
544 512 638 553 quo
657 496 854 553 quisque
874 497 1007 546 valet
1028 499 1277 553 suspectos
1298 498 1506 553 terreat,
1526 498 1677 551 utque

451 571 657 627 imperet
675 570 765 618 hoe
785 572 969 620 natura
985 571 1178 627 potens,
1201 570 1269 617 sic
1289 569 1458 626 collige
1478 584 1668 618 mecum
1690 590 1700 615 ε

451 644 596 694 dente
614 642 775 701 lupus,
798 660 950 694 cornu
966 645 1143 693 taurus
1163 644 1287 702 petit
1306 665 1317 691 :
1345 643 1476 692 unde
1493 642 1587 692 nisi
1605 642 1740 692 intus

452 720 812 766 monstratum?
870 719 1080 767 Scaevae
1099 719 1314 766 vivacem
1334 718 1473 765 crede
1493 718 1659 774 nepoti

452 793 688 849 matrerm
718 792 788 840 nil
807 792 955 841 faciet
976 792 1167 840 sceleris
1187 792 1270 847 pia
1289 792 1519 839 dextera:
1550 792 1744 848 mirum,

377 866 429 912 55
454 866 510 911 ut
530 881 690 921 neque
703 864 834 913 calce
853 866 998 921 lupus
1019 880 1308 921 quemquam
1336 880 1491 921 neque
1518 865 1662 913 dente
1690 864 1817 921 petit

564 938 649 986 bos
672 959 682 987 z

451 1012 537 1061 sed
556 1012 684 1061 mala
702 1013 840 1061 tollet
860 1028 1009 1060 anum
1024 1012 1199 1060 vitiato
1218 1011 1358 1060 melle
1379 1012 1554 1059 cicuta.

451 1088 528 1135 Ne
548 1086 747 1144 longum
766 1087 944 1135 faciam
964 1107 974 1135 ε
1007 1102 1095 1134 seu
1114 1101 1191 1133 me
1212 1085 1478 1141 tranquilla
1497 1086 1720 1142 senectus

452 1160 704 1216 exspectat
719 1176 804 1207 seu
824 1161 962 1207 Mors
982 1160 1103 1206 atris
1124 1158 1441 1207 circumvolat
1460 1158 1572 1214 alis,

451 1233 602 1291 dives,
625 1233 781 1290 inops,
802 1233 1003 1290 Romae,
1025 1247 1111 1280 seu
1129 1233 1231 1280 fors
1247 1232 1320 1279 ita
1337 1231 1553 1289 iusserit,
1571 1231 1702 1288 exul,

372 1310 429 1353 60
451 1306 665 1363 quisquis
678 1306 788 1354 ‘erit
804 1306 938 1353 'vitae
958 1306 1166 1359 scribam
1188 1305 1336 1354 color.
1397 1306 1410 1327 ⁶
1430 1306 1472 1354 Ο
1494 1322 1632 1363 puer,
1654 1308 1711 1352 ut
1732 1306 1798 1353 sis

451 1380 614 1427 vitalis
635 1382 815 1437 metuo,
835 1381 886 1427 et
906 1379 1144 1427 maiorum
1162 1395 1223 1427 ne
1243 1380 1347 1435 quis
1368 1380 1550 1427 amicus

451 1453 633 1510 frigore
654 1454 704 1501 te
725 1452 905 1502 feriat.'
968 1452 1114 1510 Quid,
1137 1468 1246 1501 cum
1268 1454 1342 1501 est
1364 1452 1578 1501 Lucilius
1598 1467 1746 1500 ausus
1809 1494 1813 1499 .

451 1526 638 1582 primus
657 1527 709 1573 in
729 1526 859 1575 hunc
883 1526 1042 1582 operis
1063 1541 1350 1582 componere
1367 1526 1583 1574 carmina
1602 1542 1802 1582 morem,

453 1600 710 1647 detrahere
730 1601 780 1646 et
800 1596 991 1656 pellem,
1014 1598 1199 1646 nitidus
1221 1615 1317 1655 qua
1338 1598 1535 1654 quisque
1555 1614 1642 1654 per
1662 1614 1748 1645 ora

374 1680 429 1737 65
453 1674 662 1730 cederet,
682 1672 947 1718 introrsum
967 1672 1143 1729 turpis,
1165 1688 1283 1718 num
1303 1671 1496 1719 Laelius
1513 1672 1602 1718 aut
1621 1670 1702 1727 qui

452 1745 594 1797 duxit
612 1744 675 1792 ab
694 1760 927 1800 oppressa
946 1744 1176 1792 meritum
1199 1743 1498 1800 Carthagine
1517 1759 1710 1800 nomen,

449 1819 645 1877 iugenio
662 1817 836 1866 offensi
857 1820 944 1866 aut
963 1817 1095 1866 laeso
1114 1818 1311 1866 doluere
1331 1817 1533 1865 Metello

451 1891 745 1948 famosiqu
763 1892 903 1948 Lupo
921 1894 1150 1948 cooperto
1168 1890 1421 1939 versibus?
1477 1889 1633 1946 Alnui

451 1965 686 2020 primores
705 1965 870 2020 populi
888 1965 1097 2021 arripuit
1115 1965 1439 2021 populumque
1457 1963 1702 2020 tributim,

373 2055 431 2096 70
454 2038 635 2087 scilicet
656 2039 740 2085 uni
760 2054 940 2094 aequus
959 2038 1135 2086 virtuti
1153 2042 1301 2095 atque
1322 2037 1424 2085 eius
1439 2037 1625 2085 amicis.

453 2112 581 2169 Quin
599 2112 682 2159 ubi
703 2127 752 2160 se
771 2129 802 2160 a
821 2111 970 2171 vulgo
987 2115 1038 2159 et
1057 2127 1228 2158 scaena
1245 2111 1295 2158 in
1315 2112 1504 2159 secreta
1520 2110 1772 2158 remorant

451 2186 607 2231 virtus
629 2185 880 2242 Scipiadae
900 2186 950 2232 et
971 2185 1103 2232 mitis
1124 2184 1363 2240 sapientia
1380 2183 1531 2241 Laeli,

452 2258 629 2316 nugari
648 2275 758 2307 cum
778 2259 862 2307 illo
881 2261 931 2306 et
953 2258 1178 2306 discincti
1196 2257 1362 2305 ludere
1381 2258 1533 2305 donec

452 2333 800 2389 decoqueretur
807 2331 912 2378 olus
927 2331 1072 2378 soliti.
1117 2329 1353 2386 Quicquid
1362 2347 1469 2377 sum
1479 2348 1585 2388 ego,
1597 2330 1818 2387 quamvis

373 2424 427 2468 75
452 2405 580 2453 infra
600 2405 758 2460 Lucili
777 2419 973 2455 censum
994 2403 1352 2461 ingeniumque,
1371 2405 1537 2452 tamen
1558 2420 1634 2453 me

453 2495 563 2527 cum
584 2477 775 2537 magnis
796 2477 970 2524 vixisse
989 2475 1145 2524 invita
1164 2476 1403 2525 fatebitur
1422 2492 1574 2534 usque

549 2553 567 2601 [
589 2553 695 2600 200]
