2109 2975
996 197 1222 237 HORATI

351 310 407 350 70
429 295 605 351 Accipe
625 311 754 344 nunc
769 297 926 344 victus
945 296 1107 343 tenuis
1127 312 1249 353 quae
1269 298 1545 354 quantaque
1565 309 1727 341 secum

427 366 619 412 afferat.
679 365 921 422 Imprimis
941 365 1103 412 valeas
1123 365 1242 413 bene
1261 387 1271 413 ε
1301 381 1415 413 nam
1436 364 1597 411 variae
1618 379 1696 410 res

427 439 484 484 ut
504 439 710 485 noceant
730 438 910 485 homini
930 438 1114 495 credas,
1137 454 1322 486 memor
1340 439 1468 486 illius
1489 452 1624 484 escae

429 526 550 566 quae
571 511 773 566 simplex
793 511 905 558 olim
925 511 1013 558 tibi
1034 511 1240 568 sederit3
1272 514 1325 559 at
1346 510 1488 558 simul
1508 509 1627 557 assis

431 584 676 632 miscueris
697 584 838 641 elixa,
861 584 1005 631 simul
1025 584 1274 641 conchylia
1293 584 1468 641 turdis,

354 666 408 711 75
432 657 593 704 dulcia
613 673 662 704 se
681 656 732 703 in
751 657 895 705 bilem
916 658 1113 705 vertent
1133 657 1471 713 stomachoque
1491 656 1761 704 tumultum

430 731 564 778 lenta
582 731 709 778 feret
727 731 920 787 pituita.
978 732 1126 779 Vides
1147 732 1204 782 nt
1223 731 1431 787 pallidus
1453 730 1608 778 omnis

429 820 549 851 cena
568 805 798 862 desurgat
818 805 991 852 dubia?
1048 804 1177 861 Quin
1196 819 1370 860 corpus
1390 805 1619 852 onustum

429 876 670 924 hesternis
689 878 820 924 vitiis
840 878 1055 924 animum
1077 892 1262 933 quoque
1283 878 1576 934 praegravat
1596 893 1713 933 una,

428 953 574 1007 amne
595 951 747 1008 affigit
765 950 913 999 humo
934 950 1124 998 divinae
1143 951 1435 1007 particulam
1456 966 1619 997 aurae.

351 1026 408 1067 80
429 1024 570 1071 Alter
589 1024 672 1071 ubi
691 1024 821 1072 dicto
839 1024 981 1072 citius
1001 1026 1174 1071 curata
1194 1024 1351 1080 sopori

431 1098 646 1145 membra
663 1097 796 1145 dedit
815 1099 1015 1154 vegetus
1035 1097 1413 1153 praescriptaad
1433 1096 1601 1144 munia
1613 1096 1790 1153 surgit.

430 1171 528 1218 Hic
548 1171 712 1217 tamen
724 1170 788 1217 ad
803 1170 972 1217 melius
985 1170 1165 1225 poterit
1180 1172 1514 1218 transcurrere
1528 1170 1790 1226 quondam,

431 1243 531 1291 sive
551 1244 675 1290 diem
691 1243 871 1290 festum
890 1243 1083 1290 rediens
1102 1243 1353 1290 advexerit
1373 1258 1545 1300 annm,

429 1333 517 1364 seu
535 1331 753 1365 recreare
772 1316 901 1364 volet
920 1317 1180 1363 tenuatum
1198 1331 1390 1373 corpus,
1412 1316 1584 1371 ubique

355 1395 409 1449 85
431 1391 660 1438 accedent
681 1388 796 1437 anni
813 1392 864 1436 et
883 1388 1090 1437 tractari
1108 1389 1298 1437 mollius
1318 1391 1454 1437 aetas

334 1492 339 1497 -
429 1464 671 1512 imbecilla
688 1462 817 1512 volet
834 1481 848 1521 3
878 1463 969 1511 tibi
988 1463 1217 1520 quidnam
1236 1463 1433 1512 accedet
1451 1462 1516 1511 ad
1532 1462 1680 1511 istam

432 1555 575 1595 quam
595 1555 716 1595 puer
735 1539 785 1585 et
805 1538 992 1585 validus
1011 1538 1278 1594 praesumis
1299 1537 1565 1596 mollitiem,
1589 1554 1671 1586 seu

431 1613 556 1658 dura
573 1611 800 1658 valetudo
818 1610 1041 1662 inciderit
1063 1626 1148 1658 seu
1167 1611 1312 1658 tarda
1327 1613 1582 1659 senectus?

433 1685 704 1732 Rancidum
717 1699 890 1739 aprum
904 1683 1092 1739 antiqui
1105 1683 1386 1741 laudabant,
1403 1700 1500 1732 non
1513 1684 1626 1740 quia
1644 1699 1796 1731 nasus¹

354 1776 411 1818 90
433 1758 527 1805 illis
547 1757 708 1804 nullus
729 1758 835 1803 erat
855 1756 940 1803 sed
959 1756 1103 1803 credo
1122 1757 1213 1804 hac
1233 1760 1412 1816 mente,
1435 1758 1561 1814 quod
1579 1759 1750 1812 hospes

431 1830 619 1878 tardius
639 1829 898 1877 adveniens
917 1829 1143 1877 vitiatum
1166 1831 1459 1878 commodius
1479 1847 1623 1887 quam

431 1905 672 1961 integ-rum
693 1903 816 1951 edax
835 1903 1056 1950 dominus
1085 1906 1403 1951 consumeret.
1466 1904 1571 1951 Hos
1601 1905 1792 1951 utinam

542 1978 671 2025 inter

430 2051 602 2098 heroas
622 2051 794 2098 natum
813 2050 960 2099 tellus
980 2066 1057 2099 me
1078 2049 1238 2108 prima
1257 2050 1451 2097 tulisset
1472 2053 1482 2098 I

433 2126 536 2172 Das
557 2124 734 2180 aliquid
753 2125 912 2173 famae
933 2142 1053 2181 quae
1076 2126 1287 2173 carmine
1307 2124 1493 2179 gratior
1513 2138 1678 2170 aurem

353 2208 410 2257 95
433 2199 637 2253 occupat
656 2198 949 2246 humanam:
982 2198 1190 2254 grandes
1210 2197 1399 2244 rhombi
1419 2197 1707 2252 patinaeque

435 2272 616 2327 grande
635 2271 804 2319 ferunt
823 2288 921 2318 una
942 2287 1051 2318 cum
1073 2272 1248 2318 damno
1268 2270 1471 2316 dedecus
1488 2289 1500 2325 ;
1532 2269 1654 2316 adde

431 2346 613 2392 iratum
634 2347 880 2400 patruum,
901 2345 1099 2400 vicinos,
1122 2345 1171 2389 te
1190 2343 1280 2389 tibi
1301 2342 1532 2401 iniquum,

429 2416 477 2459 et
497 2413 686 2459 frustra
705 2412 874 2457 mortis
896 2411 1138 2466 cupidum,
1161 2426 1269 2456 cum
1292 2411 1444 2456 deerit
1464 2411 1626 2466 egenti

993 2503 1032 2533 95
1075 2500 1237 2540 occupet

528 2558 664 2606 [204]
