2109 2975
995 184 1218 226 HORATI

435 284 672 333 iustitiam
693 283 917 340 legesque
937 285 987 331 et
1007 283 1193 340 apertis
1213 281 1314 330 otia
1333 281 1485 338 portis
1504 298 1516 337 ;

328 379 414 411 200
434 357 516 406 ille
536 358 672 414 tegat
692 356 946 404 commissa
965 356 1173 412 deosque
1194 356 1421 412 precetur
1439 356 1489 402 et
1508 353 1631 410 oret,

437 433 492 478 ut
512 431 680 478 redeat
699 428 902 487 miserie,
925 428 1069 477 abeat
1088 429 1290 477 fortuna.
1309 427 1542 484 superbis.

435 502 575 551 Tibia
593 517 690 550 non
708 504 766 549 ut
786 517 915 550 nunc
935 502 1178 550 orichalco
1196 502 1363 549 vincta
1380 501 1620 556 tubaeque

435 575 642 632 aemula,
664 576 750 624 sed
767 575 930 624 tenuis
952 575 1248 631 simplexque
1267 574 1505 622 foramine
1526 587 1679 629 pauco

437 649 689 706 adspirare
708 651 760 700 et
779 649 947 698 adesse
968 648 1127 697 choris
1146 649 1254 696 erat
1274 646 1409 694 utilis
1429 647 1576 703 atque

328 732 412 779 205
437 722 652 771 nondum
673 722 829 779 spissa
846 722 991 769 nimis
1006 721 1245 778 complere
1266 720 1435 768 sedilia.
1452 719 1574 767 flatu
1594 737 1606 775 3

437 810 531 852 quo
551 810 666 843 sane
685 794 893 851 populus
911 793 1243 850 numerabilis,
1264 793 1436 849 utpote
1457 806 1654 849 parvus,

436 870 488 917 et
505 868 640 925 frugi
660 869 918 924 castusque
937 866 1334 922 verecundusque
1354 865 1527 913 coibat.

436 941 702 997 Postquam
723 940 880 997 eoepit
900 954 1043 997 agros
1066 939 1325 987 extendere
1344 937 1502 986 victor
1520 938 1570 985 et
1588 934 1730 984 urbes

433 1015 581 1063 latior
599 1013 829 1071 amplecti
846 1028 1015 1061 murus
1034 1012 1241 1069 vinoque
1260 1011 1433 1059 diurno

329 1102 414 1134 210
436 1087 621 1143 placari
642 1086 824 1135 Genius
844 1086 984 1133 festis
1004 1086 1202 1142 impune
1221 1084 1405 1141 diebuS,

435 1160 639 1210 accessit
658 1159 968 1216 numerisque
989 1158 1236 1214 modisque
1255 1157 1452 1205 lieentia
1471 1155 1625 1205 maior
1642 1173 1655 1212 ς

433 1233 658 1282 indoctus
679 1232 794 1290 quid
812 1232 941 1281 enim
962 1233 1154 1287 saperet
1174 1231 1386 1286 liberque
1406 1230 1628 1278 laborum

434 1306 645 1355 rusticus
665 1305 853 1354 urbano
872 1304 1119 1360 confusus,
1141 1302 1300 1359 turpis
1320 1302 1553 1350 honesto?

437 1380 515 1428 Sic
535 1380 720 1437 priscae
740 1381 1022 1434 motumque
1041 1379 1093 1425 et
1112 1376 1354 1424 luxuriem
1374 1375 1562 1425 eddidit
1581 1375 1679 1424 arti

328 1466 412 1513 215
435 1453 613 1503 tibicen
632 1452 880 1511 traxitque
899 1466 1052 1509 vagus
1073 1466 1161 1508 per
1178 1450 1369 1509 pulpita
1386 1452 1571 1501 vestem
1587 1468 1600 1508 3

437 1528 505 1576 sic
524 1527 672 1576 etiam
693 1526 868 1575 fidibus
887 1540 1028 1574 voces
1048 1540 1244 1573 crevere
1264 1525 1458 1583 severis,

437 1602 489 1649 et
507 1600 627 1648 tulit
646 1599 889 1657 eloquium
907 1599 1157 1647 insolitum
1177 1599 1410 1648 facundia
1428 1613 1674 1657 praecepS,

436 1674 724 1730 utiliumque
743 1688 896 1729 sagax
915 1687 1078 1721 rerum
1098 1674 1150 1721 et
1169 1673 1333 1722 divina.
1349 1672 1509 1721 futuri

436 1746 680 1806 sortilegis
696 1761 794 1795 non
813 1746 1078 1802 discrepuit
1098 1747 1341 1795 sententia
1360 1745 1579 1802 Delphis.

329 1836 415 1869 220
437 1820 666 1870 Carmine
686 1820 768 1877 q‘ui
787 1820 978 1879 tragico
995 1820 1142 1868 vilem
1163 1820 1370 1869 certavit
1389 1820 1450 1868 ob
1469 1820 1674 1875 hircum,

437 1910 550 1942 mox
568 1894 717 1942 etiam
736 1896 954 1952 agrestes
975 1894 1177 1951 Satyros
1197 1893 1417 1951 nudavit,
1437 1896 1489 1941 et
1507 1908 1651 1950 asper

436 1967 665 2016 ineolumi
682 1968 925 2025 gravitate
942 1967 1102 2016 iocum
1121 1966 1400 2024 temptavit,
1421 1981 1478 2014 eo
1495 1966 1622 2023 quod

434 2040 669 2089 illecebris
689 2042 797 2088 erat
816 2043 867 2089 et
885 2043 1033 2099 grata
1050 2040 1269 2089 novitate
1288 2040 1549 2088 morandus

435 2116 696 2172 spectator,
717 2114 1012 2171 functusque
1033 2114 1184 2162 sacris
1203 2114 1254 2161 et
1273 2114 1416 2170 potus
1436 2114 1488 2161 et
1505 2112 1659 2160 exlex.

329 2197 413 2244 225
438 2189 622 2237 Verum
641 2188 715 2236 ita
733 2188 927 2247 risores,
947 2189 1022 2236 ita
1039 2187 1376 2236 commendare
1396 2186 1582 2235 dicaces
1696 2190 1701 2193 '

436 2261 687 2312 conveniet
709 2262 925 2320 Satyros,
945 2261 1019 2310 ita
1035 2262 1225 2309 vertere
1246 2260 1374 2308 seria
1391 2259 1522 2315 ludo,

436 2350 496 2384 ne
516 2333 802 2391 quicumque
822 2335 957 2392 deus,
978 2332 1267 2390 quicumque
1286 2332 1593 2381 adhibebitur
1613 2331 1770 2387 heroe,

437 2408 589 2466 regali
609 2411 893 2465 conspectus
912 2407 964 2455 in
984 2421 1106 2456 auro
1124 2421 1283 2462 nuper
1301 2408 1352 2454 et
1371 2408 1521 2462 ostro,

437 2482 614 2541 migret
633 2482 684 2529 in
702 2482 930 2530 obscuras
949 2479 1122 2528 humili
1143 2494 1358 2528 sermone
1378 2479 1622 2535 tabernas,

534 2555 672 2608 [298]
