2109 2975
994 205 1215 245 HORATI

430 304 578 353 Forte
598 319 685 362 per
701 303 961 361 angustam
981 298 1142 350 tenuis
1161 301 1420 358 vulpecula
1437 301 1612 350 rimam

349 393 407 437 30
429 380 648 435 repserat
663 378 713 425 in
734 391 979 425 cumeram
999 376 1253 431 frumenti,
1276 378 1510 433 pastaque
1530 391 1700 423 rursus

427 452 499 500 ire
518 452 651 499 foras
671 450 813 506 pleno
831 448 1065 498 tendebat
1085 463 1288 505 corpore
1308 448 1498 495 frustra
1514 467 1526 505 ;

430 524 508 573 cui
527 523 734 571 mustela
752 522 937 581 procul,
960 523 974 545 ‘
992 522 1045 569 Si
1064 521 1171 579 vis?
1194 521 1281 579 ait,
1305 520 1318 544 ‘
1333 521 1548 578 effugere
1567 522 1730 578 istinc,
1776 531 1781 538 “

429 611 595 645 macra
614 612 788 644 cavum
805 597 995 653 repetes
1015 596 1198 652 artum,
1220 608 1364 651 quem
1377 608 1552 641 macra
1571 593 1781 643 subisti.²

429 671 541 718 Hac
559 684 648 728 ego
667 670 709 718 si
726 668 986 726 compellor
1003 668 1232 726 imagine,
1251 668 1431 716 cuncta
1447 667 1669 725 resign0;

347 755 405 802 35
428 759 518 792 nec
539 758 760 791 somnum
779 742 934 799 plebis
951 742 1099 790 laudo
1117 742 1258 789 satur
1275 740 1505 797 altilium,
1525 754 1616 788 nec

428 816 531 864 otia
549 816 729 865 divitiis
746 815 969 864 Arabum
986 814 1240 862 liberrima
1257 815 1413 861 muto.
1475 853 1477 859 Α

431 889 584 947 Saepe
603 888 928 937 verecundum
945 886 1178 944 laudasti,
1197 891 1383 943 rexque
1394 888 1628 943 paterque

430 961 611 1010 audisti
624 977 802 1020 coram,
820 977 913 1010 nec
930 960 1080 1009 verbo
1098 960 1295 1017 parcius
1313 960 1487 1009 absens
1508 982 1519 1007 z

428 1035 610 1093 inspice
630 1036 672 1083 si
689 1050 885 1092 possum
904 1034 1088 1083 donata
1105 1048 1336 1090 reponere
1355 1034 1531 1082 laetus.

349 1129 406 1168 40
432 1108 582 1158 Haud
599 1108 726 1157 male
745 1108 1080 1165 Telemachus,
1103 1106 1262 1164 proles
1279 1106 1515 1163 patientis
1536 1105 1698 1154 Ulixei
1717 1126 1727 1152 ε

432 1180 444 1200 ‘
463 1181 513 1228 N
514 1196 577 1229 on
596 1183 670 1229 est
690 1182 835 1238 aptus
854 1181 990 1237 equis
1010 1180 1182 1229 Ithace
1201 1180 1354 1238 locus,
1374 1182 1432 1228 ut
1451 1195 1607 1236 neque
1627 1178 1789 1236 planis

430 1256 680 1312 porrectus
700 1253 869 1311 spatiis
889 1257 978 1301 nec
997 1253 1182 1302 multae
1201 1253 1432 1311 prodigus
1447 1252 1644 1307 herbae,

431 1329 622 1387 Atride,
643 1328 798 1386 mag-is
818 1329 938 1384 apta
955 1327 1046 1374 tibi
1064 1328 1156 1374 tua
1174 1326 1301 1374 dona
1319 1326 1625 1383 relinquam!

431 1402 647 1450 Parvum
668 1417 821 1459 parva
838 1402 1015 1449 decent
1033 1420 1045 1458 3
1082 1400 1202 1448 mihi
1220 1400 1319 1448 iam
1339 1415 1436 1448 non
1454 1399 1592 1459 regia
1611 1400 1786 1456 Roma,

353 1486 409 1534 45
433 1476 516 1525 sed
535 1492 743 1526 vacuum
763 1474 919 1524 Tibur
937 1474 1099 1533 placet
1118 1476 1207 1523 aut
1226 1473 1419 1522 imbelle
1440 1474 1728 1522 Tarentum.

434 1550 672 1597 Strenuus
692 1550 743 1598 et
761 1549 906 1597 fortis
926 1548 1179 1604 causisque
1200 1546 1455 1604 Philippus
1475 1547 1674 1606 agendis

432 1623 609 1682 clarus,
632 1623 694 1670 ab
712 1622 879 1671 officiis
898 1624 1123 1670 octavam
1143 1621 1341 1669 circiter
1360 1619 1530 1669 horam

431 1697 548 1743 dum
567 1696 710 1753 redit,
732 1698 878 1753 atque
900 1695 1030 1743 Foro
1048 1695 1254 1743 nimium
1274 1694 1459 1742 distare
1480 1694 1686 1742 Carinas

430 1769 528 1817 iam
548 1769 745 1827 grandis
764 1770 888 1817 natu
908 1769 1147 1826 queritur,
1170 1769 1436 1826 conspexit,
1457 1769 1516 1815 ut
1535 1767 1692 1824 aiunt,

353 1855 410 1901 50
433 1843 657 1890 adrasum
677 1842 917 1901 quendam
937 1857 1095 1891 vacua
1112 1842 1322 1889 tonsoris
1340 1841 1393 1890 in
1410 1840 1587 1889 umbra

433 1915 630 1964 cultello
649 1916 865 1972 proprios
885 1917 1179 1972 purgantem
1199 1914 1374 1963 leniter
1393 1929 1597 1972 ungues.

434 1990 447 2011 ‘
467 1988 901 2046 Demetri,'-puer
920 1988 1000 2037 hic
1017 2003 1117 2035 non
1136 1987 1272 2035 laeve
1290 1988 1425 2035 iussa
1442 1986 1658 2043 Philippi

432 2061 768 2118 accipiebat—⁶
784 2062 880 2121 abi,
902 2076 1082 2119 quaere
1101 2064 1151 2108 et
1169 2062 1314 2119 refer,
1335 2061 1464 2109 unde
1484 2060 1642 2118 domo,
1664 2060 1789 2117 quis,

434 2136 571 2184 cuius
589 2136 835 2193 fortunae,
855 2150 951 2193 quo
971 2135 1036 2183 sit
1055 2137 1198 2192 patre
1218 2149 1372 2191 quove
1391 2134 1630 2191 patrono.'

355 2217 408 2264 55
434 2209 501 2267 It,
521 2209 649 2258 redit
668 2212 718 2257 et
737 2211 926 2267 narrat,
946 2209 1201 2256 Vulteium
1220 2208 1413 2256 nomine
1432 2208 1649 2264 Menam,

432 2299 734 2340 praeconem,
755 2281 895 2331 tenui
913 2297 1078 2338 censu,
1100 2281 1203 2328 sine
1223 2280 1441 2338 crimine,
1464 2281 1638 2328 notum

431 2359 482 2404 et
502 2370 760 2414 properare
780 2354 885 2402 loco
903 2356 954 2402 et
974 2369 1162 2402 cessare
1181 2355 1233 2402 et
1252 2369 1482 2410 quaerere
1501 2354 1553 2401 et
1572 2351 1665 2408 uti,

432 2431 727 2487 gaudentem
749 2426 1006 2486 parvisque
1025 2426 1271 2474 sodalibus
1292 2429 1343 2474 et
1363 2426 1469 2475 lare
1487 2427 1622 2475 certo

847 2518 888 2551 29
928 2514 1123 2557 nibeduh,
1139 2515 1236 2552 coni.
1251 2515 1380 2552 Bona.

529 2576 546 2622 [
564 2576 669 2624 250]
