2109 2975
1035 201 1257 243 HORA'rt

469 305 518 349 et
540 299 657 349 mihi
676 315 769 358 res,
792 314 888 348 non
909 313 986 347 me
1006 299 1150 348 rebus
1172 298 1465 355 subiungere
1485 312 1647 347 conor.

389 390 446 422 20
470 374 541 423 Ut
561 390 656 422 nox
675 374 820 432 longa
839 373 1011 430 quibus
1031 374 1272 421 mentitur
1290 374 1461 430 amica,
1486 374 1680 430 diesque

468 448 612 504 longa
632 448 825 495 videtur
842 460 961 504 opus
981 445 1284 504 debentibus,
1304 449 1363 494 ut
1382 446 1520 503 piger
1539 461 1695 493 annus

469 521 663 578 pupillis
683 535 800 578 quos
820 520 944 568 dura
962 520 1140 577 premit
1161 519 1381 568 custodia
1394 522 1607 567 matrum
1626 539 1639 578 ;

468 596 536 642 sic
545 595 664 646 mihi
676 593 819 642 tarda
826 593 987 642 fluunt
998 593 1289 651 ingrataque
1302 594 1540 651 tempora,
1549 609 1671 651 quae
1685 609 1821 651 spem

468 667 812 724 consiliumque
838 669 1096 715 morantur
1114 666 1290 724 agendi
1309 667 1502 715 naviter
1518 667 1569 715 id
1589 668 1716 724 quod

387 755 442 801 25
467 756 614 798 aeque
634 739 925 798 pauperibus
945 740 1159 797 prodest,
1180 739 1498 797 locupletibus
1518 756 1686 797 aeque,

466 830 618 872 aeque
636 813 911 872 neglectum
932 813 1097 870 pueris
1117 812 1403 870 senibusque
1422 814 1630 862 nocebit.

465 889 643 937 Restat
661 889 720 935 ut
733 887 809 934 his
828 902 918 947 ego
930 902 1006 935 me
1021 887 1125 943 ipse
1140 902 1307 944 regam
1323 887 1537 944 solerque
1550 888 1818 937 elementis.

465 962 514 1009 N
514 976 576 1009 on
596 960 747 1019 possis
767 960 906 1008 oculo
924 962 1164 1017 quantum
1184 960 1473 1008 contendere
1491 960 1728 1019 Lynceus,

464 1050 560 1083 nou
579 1037 745 1084 tamen
762 1034 940 1083 idcirco
960 1035 1240 1082 contemnas
1260 1033 1420 1091 lippus
1438 1034 1633 1092 inungi3

386 1123 442 1168 30
464 1124 554 1158 nec
573 1109 686 1166 quia
704 1109 926 1165 desperes
944 1107 1114 1154 invicti
1134 1106 1353 1156 membra
1373 1107 1618 1165 Glyconis,

463 1184 646 1231 nodosa
664 1196 836 1238 corpus
855 1180 980 1228 nolis
1000 1180 1254 1237 prohibere
1273 1180 1527 1239 cheragra.

463 1258 557 1305 Est
575 1256 783 1314 quadam
804 1254 996 1312 prodire
1015 1256 1178 1313 tenus,
1201 1254 1241 1303 si
1259 1270 1358 1303 uon
1376 1255 1527 1304 datur
1543 1254 1694 1303 ultra.

463 1331 640 1379 Fervet
660 1328 869 1378 avaritia
886 1328 1153 1385 miseroque
1173 1327 1398 1385 cupidine
1417 1330 1617 1386 pectus3

464 1406 579 1452 sunt
597 1402 747 1452 verba
763 1404 815 1451 et
834 1416 972 1450 voces
992 1402 1165 1459 quibus
1184 1401 1315 1450 hunc
1335 1400 1486 1450 lenire
1507 1400 1718 1449 dolorem

383 1484 439 1533 35
462 1477 614 1535 possis
635 1478 685 1526 et
703 1491 930 1534 magnam
950 1474 1106 1524 morbi
1124 1475 1362 1533 deponere
1381 1476 1589 1533 partem.

462 1551 642 1599 Laudis
663 1565 825 1598 amore
842 1551 1003 1597 tumes
1020 1567 1035 1607 3
1066 1550 1182 1596 sunt
1202 1550 1339 1597 certa
1356 1548 1549 1606 piacula
1567 1564 1689 1605 quae
1709 1550 1761 1597 te

458 1626 540 1672 ter
558 1640 677 1681 pure
696 1624 823 1671 lecto
842 1623 1076 1679 poterunt
1095 1636 1321 1677 recreare,
1335 1620 1513 1670 libello.

460 1697 678 1754 Invidus,
699 1694 978 1752 iracundae,
998 1694 1146 1753 iners,
1167 1694 1380 1753 vinosus,
1400 1697 1606 1753 amator,

461 1785 602 1819 nemo
622 1769 742 1817 adeo
757 1768 891 1816 ferus
910 1768 985 1816 est
1005 1768 1063 1815 ut
1081 1782 1180 1816 non
1199 1767 1449 1816 mitescere
1469 1769 1637 1826 possit,

383 1859 439 1900 40
463 1845 503 1894 si
522 1844 662 1892 modo
681 1841 900 1892 culturae
920 1841 1187 1899 patientem
1207 1842 1475 1890 commodet
1495 1857 1679 1890 aurem.

461 1918 635 1968 Virtus
654 1919 728 1965 est
748 1915 920 1964 vitium
940 1915 1111 1973 fugere
1131 1916 1182 1964 et
1202 1914 1440 1972 sapientia
1459 1915 1618 1972 prima

461 1989 674 2040 stultitia
694 1989 919 2038 caruisse.
980 1988 1129 2037 Vides
1149 2003 1271 2046 quae
1292 1989 1503 2036 maxima
1521 1988 1674 2036 credis

459 2079 563 2113 esse
583 2062 728 2120 mala,
750 2063 979 2118 eximam
998 2077 1197 2110 censum
1215 2063 1504 2119 turpemque
1521 2058 1786 2120 repulsam,

460 2139 643 2195 quanto
662 2137 845 2185 devites
866 2135 1016 2185 animi
1034 2135 1303 2192 capitisque
1322 2133 1502 2183 labore.

379 2217 436 2263 45
461 2211 675 2269 Impiger
693 2211 933 2258 extremos
954 2209 1109 2257 curris
1129 2209 1371 2257 mercator
1390 2207 1452 2255 ad
1472 2207 1635 2264 Indos,

459 2300 546 2343 per
564 2299 698 2333 mare
718 2282 997 2341 pauperiem
1016 2282 1226 2340 fugiens,
1249 2296 1336 2339 per
1355 2296 1488 2338 saxa,
1509 2296 1597 2339 per
1614 2281 1784 2338 ignes:
1875 2341 1878 2344 ῃ

459 2375 520 2408 ne
540 2374 679 2407 cures
699 2373 773 2413 ea,
794 2371 916 2413 quae
939 2354 1092 2404 stulte
1111 2354 1302 2403 miraris
1322 2355 1373 2403 et
1392 2357 1550 2414 optas,

459 2434 642 2481 discere
662 2433 711 2479 et
732 2429 917 2485 audire,
940 2430 991 2476 et
1011 2428 1199 2477 meliori
1221 2428 1414 2478 credere
1434 2442 1532 2476 non
1551 2428 1655 2477 vis?

461 2507 577 2564 Quis
599 2505 779 2553 circum
799 2517 949 2559 pagos
969 2504 1019 2549 et
1039 2502 1223 2549 circum
1245 2502 1456 2557 compita
1474 2517 1674 2558 pugnax

555 2577 695 2625 [238]
