2109 2975
665 219 1093 264 EPISTULARUM·
1108 221 1142 262 1.
1168 228 1275 263 mn

287 319 527 369 Fallimur
545 321 594 369 et
614 319 855 378 quondam
875 334 973 368 non
992 319 1195 377 dignum
1214 320 1454 369 tradimus
1474 338 1486 369 e
1527 333 1642 381 ergo

97 455 106 460 „
288 408 429 452 quem
452 409 539 443 sus
558 394 703 451 culpa
721 396 925 452 premet,
946 393 1178 451 deceptus
1197 394 1368 443 omitte
1388 395 1534 454 tueri,

23 439 26 606 s
203 476 266 518 80
288 470 346 516 ut
366 468 558 525 penitus
577 469 765 526 notum,
787 466 828 516 si
846 468 1094 524 temptent
1113 466 1330 525 crimina,
1354 482 1515 516 serves

287 542 557 598 tuterisqm
575 543 663 590 tuo
679 541 909 590 fidentem
930 538 1169 598 praesidio
1187 561 1199 589 ε
1227 541 1311 597 qui

23 631 26 722 μ
286 615 430 664 dente
449 614 700 664 Theonino
718 616 828 664 cum
849 614 1242 673 circumfoditur,
1263 614 1433 671 ecquid

286 687 349 737 ad
368 690 418 737 te
438 689 547 746 post
567 689 713 746 paulo
730 690 942 738 ventura
961 688 1176 745 pericula
1194 687 1380 736 sentis?

286 761 417 810 Nam
436 763 527 810 tua
544 777 622 810 res
642 762 824 820 agitur,
845 762 1004 819 paries
1024 776 1136 810 cum
1155 759 1405 818 proximus
1425 761 1582 820 ardet,

23 877 24 910 ¹
204 840 264 895 85
287 836 339 883 et
357 836 583 893 neglecta
602 835 761 884 solent
780 833 1002 884 incendia.
1022 847 1212 883 sumere
1231 834 1376 883 vires.

23 931 24 968 χ
287 907 460 958 Dulcis
479 908 744 965 inexpertis
764 908 961 957 cultura
979 907 1196 965 potentis
1215 907 1360 956 amici
1378 912 1402 955 ι’

285 980 512 1035 expertus
532 977 725 1026 metuit.
785 978 880 1036 Tu,
903 977 1019 1026 dum
1038 978 1130 1024 tua
1148 976 1288 1025 navis
1308 977 1359 1025 in
1379 976 1483 1025 alto
1502 979 1593 1032 est,

284 1051 377 1099 hoc
397 1067 503 1109 age,
523 1066 585 1100 ne
606 1053 800 1100 mutata
818 1053 1090 1100 retrorsum
1109 1051 1161 1098 te
1180 1051 1311 1098 ferat
1331 1065 1468 1099 aura.

287 1124 511 1174 Oderunt
531 1125 735 1173 hilarem
754 1125 922 1174 tristes
942 1125 1234 1181 tristemque
1252 1123 1414 1180 iocosi,

200 1218 265 1264 90
287 1199 510 1247 sedatum
531 1198 725 1257 celeres,
747 1198 926 1257 agilem
944 1211 1223 1254 navumque
1241 1197 1432 1245 remissi
1449 1216 1462 1254 ς

285 1274 480 1330 potores
499 1272 650 1321 bibuli
670 1273 828 1322 media
846 1273 905 1321 de
924 1273 1067 1321 nocte
1086 1271 1285 1319 Falerni

286 1346 495 1394 oderunt
515 1348 740 1403 porrecta
758 1347 1019 1403 negantem
1039 1344 1230 1401 pocula,
1252 1344 1472 1400 quamvis

287 1421 549 1467 nocturnos
568 1420 698 1468 iures
717 1421 769 1468 te
788 1418 1052 1467 formidare
1072 1419 1281 1474 tepores.

288 1494 442 1542 Deme
462 1494 717 1551 supercilio
734 1493 941 1551 nubem;
972 1491 1259 1550 plerumque
1279 1490 1526 1538 modestus

203 1578 262 1627 95
287 1569 493 1624 occupat
513 1566 706 1617 obscuri
726 1568 950 1625 speciem,
973 1566 1253 1615 taciturnus
1273 1562 1448 1613 acerbi.

287 1640 427 1689 Inter
445 1643 623 1690 cuncta
639 1641 774 1701 leges
794 1644 844 1690 et
862 1639 1210 1698 percontabere
1229 1638 1413 1694 doctos,

285 1726 383 1769 qua
402 1713 592 1762 ratione
611 1728 761 1770 queas
780 1714 1038 1762 traducere
1056 1711 1232 1760 leniter
1250 1725 1423 1758 aevum
1448 1729 1460 1766 3

284 1801 404 1834 num
422 1787 475 1835 te
494 1802 682 1844 semper
699 1788 839 1844 inops
859 1786 1014 1844 agitet
1032 1787 1270 1842 vexetque
1291 1784 1480 1841 cupido,

284 1875 403 1908 num
423 1875 577 1917 pavor
592 1862 644 1911 et
662 1876 826 1910 rerum
848 1860 1155 1909 mediocriter
1174 1858 1368 1906 utilium
1389 1871 1496 1913 spes
1517 1876 1529 1913 ;

180 1945 264 1978 100
286 1934 521 1983 virtutem
540 1934 764 1983 doctrina
781 1937 940 1993 paret,
960 1936 1205 1982 naturane
1225 1932 1372 1980 donet
1388 1949 1401 1988 3

285 2007 402 2065 quid
421 2008 610 2055 minuat
630 2008 926 2067 curas‚·quid
944 2009 996 2056 te
1015 2007 1107 2055 tibi
1125 2005 1300 2054 reddat
1317 2004 1526 2052 amicum
1543 2021 1556 2058 3

285 2080 402 2137 quid
421 2095 542 2137 pure
560 2080 864 2138 tranquillet,
885 2080 1037 2129 honos
1056 2095 1122 2129 an
1141 2078 1280 2127 dulce
1299 2075 1548 2132 lucellum,

284 2169 349 2201 an
371 2155 611 2202 secretum
629 2154 726 2203 iter
743 2155 794 2204 et
813 2154 1031 2202 fallentis
1052 2153 1239 2202 semitas
1247 2151 1394 2201 vitae.

286 2227 371 2275 Me
392 2228 612 2285 quotiens
632 2228 789 2277 reficit
808 2228 993 2286 gelidus
1013 2227 1249 2285 Digentia.
1266 2225 1418 2282 rivus,

182 2316 263 2365 105
287 2316 432 2358 quem
453 2300 684 2350 Mandela.
701 2302 840 2359 bibit,
857 2304 1069 2358 ‘rugosus
1089 2301 1270 2357 frigore
1290 2313 1464 2358 pagus,

287 2375 403 2433 quid
423 2375 601 2425 sentire
621 2377 798 2433 putas?
824 2375 941 2431 quid
960 2375 1134 2431 credis,
1156 2374 1324 2431 amice,
1346 2370 1566 2430 precari?

289 2449 365 2497 Sit
380 2448 498 2497 mihi
509 2449 637 2505 quod
652 2450 781 2497 nunc
797 2450 887 2503 est,
901 2448 1050 2496 etiam
1067 2447 1225 2496 minus
1244 2466 1258 2506 ς
1285 2449 1336 2497 et
1349 2444 1468 2494 mihi
1481 2443 1639 2492 vivam

701 2542 738 2576 οι
781 2536 885 2575 codd.
900 2536 1018 2575 multi
1031 2538 1215 2575 emittunt

387 2594 406 2643 t
424 2596 532 2646 269]
