2109 2975
709 200 1046 242 SATIR‘ARUM
1083 204 1144 245 ΙΙ.
1170 213 1248 242 vm

928 336 1048 383 VIII

301 440 385 487 UT
406 440 658 488 Nasidieni
676 440 800 487 iuvit
827 444 878 489 te
900 457 1020 489 cena
1039 442 1171 489 beati
1188 446 1207 489 ἒ

301 513 430 560 Nam
451 514 571 563 mihi
590 515 844 571 quaerenti
862 516 1114 563 convivam
1134 515 1293 565 dictus
1313 517 1427 565 here
1446 517 1546 565 illic

297 586 358 633 de
378 588 535 636 medio
550 589 721 644 potare
742 589 834 637 die.
896 588 908 610 ‘
921 589 999 636 Sic
1017 591 1075 636 ut
1098 590 1215 637 mihi
1232 606 1497 647 numquam

300 658 352 706 in
370 660 475 707 vita
493 661 645 710 fuerit
665 661 874 709 melius.'
936 662 1047 719 Dic,
1072 663 1113 709 si
1133 678 1283 719 grave
1303 679 1401 711 non
1423 667 1514 722 est,

252 741 278 786 5
302 748 425 788 quae
445 734 604 789 prima
621 734 803 781 iratum
822 737 1044 784 ventrem
1065 736 1331 793 placaverit
1351 754 1476 785 esca.

302 805 313 826 ‘
331 806 391 853 In
411 807 581 862 primis
601 808 829 855 Lucanus
848 824 994 865 aper3
1025 809 1125 856 leni
1145 810 1242 857 fuit
1261 810 1446 858 Austro
1478 851 1483 852 γ

300 882 490 937 captus,
511 882 570 927 ut
588 879 749 929 aiebat
768 896 913 929 cenae
934 884 1102 939 pater3
1134 884 1268 931 acria
1286 883 1467 931 circum
1495 924 1498 927 .
1548 887 1551 890 '

299 953 489 1011 rapula,
511 953 744 1012 lactucae,
767 954 970 1013 radices,
992 956 1156 1011 qualia
1176 957 1377 1004 lassum*

302 1027 575 1083 pervellunt
595 1028 916 1086 stomachum,
939 1029 1076 1086 siser,
1098 1029 1236 1088 allec,
1260 1031 1455 1078 faecula
1472 1032 1588 1079 Coa.

224 1114 277 1143 10
304 1101 395 1147 His
416 1100 498 1147 ubi
519 1100 722 1149 sublatis
741 1117 865 1158 puer
885 1102 985 1149 alte
1006 1102 1194 1149 cinctus
1215 1119 1441 1151 acernam

300 1189 513 1230 gausape
533 1189 776 1231 purpureo
795 1189 1013 1221 mensam
1034 1176 1281 1233 pertersit,
1304 1179 1354 1223 et
1373 1177 1500 1224 alter

301 1245 511 1303 sublegit
531 1248 868 1303 quodcumque,
880 1248 1064 1296 iaceret
1082 1249 1257 1297 inutile
1277 1251 1497 1307 quodque

299 1322 462 1375 posset
483 1322 711 1368 cenantes
731 1321 973 1368 offendere
995 1339 1006 1376 3
1037 1324 1095 1368 ut
1115 1323 1287 1370 Attica
1306 1324 1444 1381 virgo

299 1409 409 1440 cum
431 1393 580 1441 sacris
601 1394 787 1442 Cereris
808 1394 1026 1451 procedit
1044 1394 1212 1442 fuscus
1234 1397 1489 1453 Hydaspes

220 1478 274 1524 15
299 1468 523 1517 Caecuba
543 1467 656 1515 vina
673 1468 851 1524 ferens,
873 1467 1029 1516 Alcon
1045 1469 1222 1518 Chium
1242 1470 1389 1518 maris
1410 1486 1598 1527 expers„

300 1542 397 1589 Hic
417 1557 556 1588 erus:
594 1541 858 1600 Albanum,
881 1543 1160 1601 Maecenas,
1183 1544 1283 1591 sive
1304 1543 1567 1591 Falernum

299 1617 349 1663 te
367 1615 522 1672 magis
543 1615 775 1672 appositis
792 1614 1023 1672 delectat,
1045 1615 1278 1663 habemus
1299 1617 1594 1673 utrumque:

300 1686 512 1734 Divitias
533 1688 759 1735 miseras!
820 1688 916 1735 Sed
932 1689 1040 1744 quis
1060 1688 1349 1736 cenantibus
1369 1705 1487 1745 una,
1552 1730 1555 1733 .

299 1760 543 1816 Fundani,
564 1759 764 1817 pulchre
784 1761 936 1809 fuerit
956 1761 1063 1818 tibi,
1086 1776 1225 1809 nosse
1246 1760 1427 1809 laboro.

217 1853 275 1882 20
300 1833 314 1855 ⁶
331 1835 558 1882 Summus
578 1849 669 1890 ego
682 1835 732 1881 et
747 1850 897 1891 prope
912 1850 988 1882 me
1007 1834 1182 1882 Viscus
1199 1835 1447 1882 Thurinus
1461 1837 1513 1882 et
1526 1835 1657 1882 infra

299 1907 339 1953 si
359 1906 557 1954 memini
575 1907 755 1954 Varius
778 1926 791 1965 ς
823 1924 933 1956 cum
956 1907 1162 1955 Servilio
1181 1907 1447 1955 Balatrone
1476 1948 1481 1951 e

299 1981 537 2038 Vibidius,
560 1996 677 2038 quas
697 1981 957 2029 Maecenas
977 1981 1257 2030 adduxerat·
1270 1981 1485 2028 umbras.

298 2055 638 2102 Nomentanus
649 2055 763 2101 :erat
783 2070 930 2110 super
943 2054 1121 2112 ipsum,
1141 2053 1338 2102 Porcius
1357 2054 1489 2101 infra
1528 2077 1532 2080 ·

299 2126 531 2173 ridiculus
550 2127 681 2173 totas
702 2124 846 2171 simul
862 2125 1119 2173 absorbere
1139 2126 1388 2182 placentas
1408 2145 1419 2181 ;

217 2208 274 2254 25
299 2199 638 2246 Nomentanus
657 2198 720 2245 ad
739 2197 846 2254 hoc,
867 2198 949 2254 qui
970 2197 1146 2255 siquid
1164 2199 1291 2247 forte
1310 2199 1487 2246 lateret

296 2272 454 2321 indice
464 2266 769 2320 monstraret
789 2270 943 2328 digito
960 2291 972 2318 ε
1002 2287 1119 2319 nam
1140 2273 1303 2328 cetera
1318 2272 1484 2329 turba,

297 2362 401 2403 nos,
424 2345 639 2403 inquam,
661 2359 890 2391 cenamus
912 2360 1041 2403 aves,
1065 2345 1331 2402 conchylia,
1353 2346 1522 2403 pisces,
1598 2388 1603 2391 .

296 2425 441 2484 longe
466 2423 746 2472 dissimilem
762 2422 1111 2471 notocelantia
1131 2438 1354 2480 succum3
1396 2459 1401 2463 .

295 2501 355 2546 ut
374 2498 451 2546 vel
471 2497 701 2545 continuo
721 2495 901 2552 patuit,
924 2511 1034 2543 cum
1055 2495 1264 2552 passeris
1284 2498 1429 2552 atque

396 2571 412 2618 [
433 2569 540 2619 2³³]
1422 2570 1438 2619 L
1455 2578 1530 2616 us
1548 2570 1560 2618 1
