2109 2975
923 221 924 224 ’
1001 211 1223 253 HORA'I'I

436 308 566 365 quod
586 309 806 365 superest
826 309 948 365 aevi,
972 309 1012 356 si
1032 309 1149 366 quid
1169 323 1421 366 superesse
1440 308 1612 356 volunt
1633 309 1682 357 di
1700 327 1714 365 ς

438 382 502 429 sit
521 382 649 431 bona
667 382 901 429 librorum
922 383 973 429 et
993 381 1214 438 provisae
1233 382 1392 439 frugis
1412 380 1463 430 in
1484 397 1667 429 annum

333 470 414 502 110
438 456 591 513 copia,
612 470 708 504 neu
727 454 1109 503 fluitem'dubiae
1128 470 1213 512 spe
1232 455 1471 513 pendulus
1490 455 1655 504 horae.

439 530 534 577 Sed
555 529 673 577 satis
694 531 768 576 est
788 544 927 577 orare
948 529 1114 578 Iovem
1134 530 1219 586 qui
1236 529 1374 586 ponit
1393 530 1445 577 et
1464 529 1646 583 aufert,

438 603 522 652 det
532 603 702 661 vitam,
712 603 795 651 det
807 618 923 660 opes
936 623 946 651 ε
968 617 1177 660 aequum
1185 604 1251 651 mi
1259 602 1475 651 animum
1482 602 1587 659 ipse
1594 599 1794 659 parabo.

1056 789 1181 837 XIX

441 899 646 947 Pmsco
666 897 899 956 sict-edis,
922 897 1182 945 Maecenas
1202 896 1359 954 docte,
1381 896 1600 953 Cratino,

438 972 576 1021 nulla
595 972 784 1029 placere
804 971 887 1019 diu
906 986 995 1019 nec
1015 971 1177 1018 vivere
1198 970 1416 1019 carmina
1438 970 1644 1027 possunt

440 1062 562 1104 quae
582 1046 865 1093 scribuntur
885 1059 1038 1101 aquae
1059 1042 1325 1101 potoribus,
1386 1043 1459 1092 Ut
1480 1042 1605 1091 male
1627 1056 1770 1091 sanos

438 1120 696 1177 adscripsit
716 1119 864 1167 Liber
883 1118 1076 1175 Satyris
1095 1117 1376 1175 Faunisque
1395 1119 1580 1174 poetas,
1744 1117 1749 1121 ”

389 1205 415 1249 5
439 1194 555 1242 vina
572 1193 676 1241 fere
695 1192 859 1240 dulces
881 1192 1111 1241 oluerunt
1131 1206 1273 1239 mane
1294 1193 1551 1241 Camenae.

440 1266 688 1315 Laudibus
708 1265 937 1323 arguitur
955 1265 1057 1313 vini
1077 1265 1272 1313 vinosus
1292 1265 1538 1313 Homerus
1557 1281 1572 1321 3

441 1341 631 1389 Ennius
650 1340 753 1397 ipse
772 1342 916 1396 pater
934 1354 1202 1396 numquam
1222 1338 1317 1387 nisi
1336 1340 1481 1395 potus
1501 1338 1563 1386 ad
1583 1352 1724 1385 arma

441 1414 664 1471 prosiluit
685 1414 902 1463 dicenda.
965 1413 978 1436 ‘
994 1414 1178 1461 Forum
1197 1410 1677 1469 putealque-Libonis

442 1484 682 1533 mandabo
703 1482 859 1542 siccis,
882 1483 1093 1532 adimam
1115 1484 1315 1531 cantare
1335 1480 1512 1531 severis
1534 1502 1544 1529 ε
1563 1482 1574 1504 ’

365 1578 418 1608 10
441 1559 532 1606 hoc
553 1558 697 1606 simul
719 1557 863 1615 edixi,
885 1572 982 1605 non
1003 1572 1251 1606 cessavere
1271 1558 1442 1613 po‘etae

440 1634 681 1679 nocturno
700 1633 886 1679 certare
906 1645 1054 1689 mero,
1075 1632 1249 1688 putere
1269 1631 1458 1679 diurno.

443 1705 586 1763 Quid,
609 1704 650 1752 si
669 1704 775 1760 quis
795 1704 938 1751 vultu
956 1705 1098 1752 torvo
1116 1704 1252 1752 ferus
1272 1706 1323 1752 et
1343 1703 1462 1760 pede
1480 1701 1613 1751 nudo

442 1779 737 1836 exiguaeque
758 1778 902 1835 togae
922 1777 1119 1825 simulet
1139 1779 1328 1826 textore
1349 1778 1601 1833 Catonem,

441 1853 738 1900 virtutemne
758 1851 1091 1907 repraesentet
1112 1866 1362 1907 moresque
1383 1850 1617 1899 Catonis?

365 1938 416 1982 15
441 1925 597 1982 Rupit
617 1925 854 1973 Iarbitam
876 1924 1156 1981 Timagenis
1177 1924 1370 1972 aemula
1387 1925 1572 1980 lingua,

441 2000 557 2047 dum
578 1999 743 2047 studet
762 1999 980 2046 urbanus
999 1998 1253 2054 tenditque
1273 1998 1479 2046 disertus
1499 1996 1682 2046 haberi.

443 2072 637 2129 Decipit
655 2073 903 2129 exemplar
922 2072 1053 2120 vitiis
1074 2071 1310 2119 imitabile
1329 2091 1342 2129 ς
1373 2070 1541 2129 quodsi

442 2145 674 2204 pallerem
694 2162 829 2204 casu,
850 2146 1076 2195 biberent
1096 2159 1342 2202 exsangue
1361 2143 1625 2192 cuminum.

443 2220 486 2268 O
505 2220 793 2278 imitatoreS,
815 2235 1010 2268 servum
1029 2233 1193 2276 pecus,
1214 2219 1273 2265 ut
1292 2218 1412 2264 mihi
1432 2233 1574 2274 saepe

361 2309 418 2341 20
441 2294 604 2353 bilem,
626 2309 767 2351 saepe
787 2294 946 2341 iocum
965 2292 1119 2341 vestri
1140 2307 1332 2340 movere
1351 2289 1595 2339 tumultus
1616 2293 1628 2339 Ξ

443 2367 618 2416 Libera
647 2382 731 2423 per
750 2380 956 2414 vacuum
976 2365 1115 2422 posui
1132 2365 1339 2424 vestigia
1357 2365 1596 2421 princeps,

443 2457 538 2489 non
559 2440 717 2489 aliena
736 2453 844 2487 meo
862 2438 1015 2495 pressi
1034 2439 1173 2494 pede.
1233 2438 1329 2496 Qui
1348 2437 1440 2487 sibi
1459 2436 1574 2486 fidet

948 2530 1006 2564 111
1047 2536 1149 2571 quae
1162 2527 1285 2565 donat

542 2589 556 2633 t
576 2586 683 2636 270]
