2109 2975
296 1330 348 1360 10

295 1752 345 1795 15

291 2159 348 2189 20

953 197 1177 238 HORA'I'I

1005 421 1081 471 IV

540 545 785 603 QUALEM
805 545 1087 595 ministrum
1106 547 1326 596 fulminis
1347 548 1531 606 alitem,

539 620 617 667 cui
636 635 722 667 rex
741 620 942 667 deorum
963 636 1169 678 regnum
1189 621 1240 668 in
1259 638 1373 669 aves
1393 638 1543 678 vagas

594 691 816 748 permisit
837 695 1068 749 expertus
1088 694 1279 742 fidelem

651 766 871 823 Iuppiter
887 767 939 814 in
961 768 1241 825 Ganymede
1261 768 1401 825 flavo,

540 888 652 935 olim
674 888 899 937 iuventas
921 890 970 936 et
991 888 1179 946 patrius
1200 890 1338 946 vigor

538 962 653 1010 nido
672 961 892 1010 laborum
914 964 1130 1020 propulit
1150 965 1353 1011 inscium

595 1037 823 1092 vernique
844 1037 940 1084 iam
963 1035 1138 1084 nimbis
1157 1038 1357 1084 remotis

652 1110 869 1157 insolitos
891 1111 1097 1158 docuere
1118 1111 1251 1158 nisus

539 1235 671 1281 venti
693 1235 968 1292 paventem,
990 1249 1102 1282 mox
1121 1233 1171 1281 in
1193 1234 1337 1282 ovilia

539 1308 731 1356 demisit
751 1308 937 1356 hostem
959 1308 1148 1355 vividus
1168 1308 1392 1365 impetus,

594 1397 725 1430 nunc
744 1383 795 1429 in
815 1382 1114 1431 reluctantes
1134 1384 1365 1431 dracones

649 1456 749 1511 egit
769 1471 906 1504 amor
925 1455 1063 1513 dapis
1082 1459 1225 1513 atque
1247 1472 1468 1516 pugnaeg

537 1581 786 1637 qualemve
805 1581 947 1628 laetis
967 1595 1142 1637 caprea
1161 1582 1351 1638 pascuis

538 1654 730 1701 intenta
748 1652 912 1701 fulvae
932 1655 1104 1702 matris
1124 1655 1186 1702 ab
1208 1655 1352 1703 ubere

595 1727 690 1774 iam
709 1725 837 1774 lacte
858 1727 1111 1784 depulsum
1133 1729 1319 1776 leonem

650 1800 795 1848 dente
816 1817 939 1850 novo
958 1804 1178 1858 peritura
1197 1803 1319 1850 vidit
1338 1823 1349 1850 ι

538 1924 698 1971 videre
718 1924 865 1973 Raeti
883 1925 1009 1973 bella.
1029 1924 1119 1973 sub
1139 1924 1346 1982 Alpibus

540 1995 755 2047 Drusum
775 2001 1025 2055 gerentem
1046 1997 1284 2045 Vindelici
1303 1996 1547 2054 3—-quibns

595 2086 696 2118 mos
716 2072 845 2119 unde
865 2071 1104 2119 deductus
1125 2087 1212 2127 per
1232 2086 1373 2119 omne

666 2147 860 2202 tempus
881 2145 1147 2207 Amazonia
1167 2146 1323 2193 securi

539 2271 733 2318 dextras
753 2268 988 2325 obarmet,
1006 2283 1235 2324 quaerere
1260 2269 1443 2326 distuli,

538 2359 628 2391 nec
649 2342 770 2390 scire
789 2342 865 2390 fas
886 2345 960 2389 est
981 2343 1144 2390 omnia
1164 2344 1318 2399 3—-sed
1339 2343 1421 2390 diu

595 2416 785 2472 lateque
805 2417 1027 2464 victrices
1044 2419 1270 2464 catervae

652 2490 861 2537 consiliis
883 2490 1067 2538 iuvenis
1089 2491 1301 2538 revictae

471 2565 608 2611 [114]
