2109 2975
1018 193 1242 237 HORATI

376 299 429 330 10
453 289 544 338 hoc
563 289 764 337 miserae
783 288 912 345 plebi
932 289 1098 337 stabat
1119 304 1372 338 commune
1393 289 1685 347 sepulcrum,

453 362 723 411 Pantolabo
738 377 935 410 scurrae
955 362 1361 420 Nomentanoque
1379 363 1578 419 nepoti:

453 435 584 483 mille
603 435 748 492 pedes
767 435 818 482 in
837 435 1017 493 fronte,
1037 437 1283 484 trecentos
1302 436 1471 492 cippus
1490 436 1543 482 in
1561 450 1737 492 agrum

452 509 531 556 hic
547 508 695 557 dabat
714 528 727 556 ε
755 509 974 557 Heredes
993 510 1361 558 monumentum
1380 524 1441 557 ne
1461 511 1759 565 sequeretur.

454 582 600 630 Nunc
619 580 732 628 licet
751 581 982 638 Esquiliis
1001 581 1227 630 habitare
1246 581 1522 630 salubribus
1542 583 1692 638 atque

379 666 430 712 15
454 669 632 712 aggere
650 653 703 701 in
721 655 889 711 aprico
906 656 1130 712 spatiari,
1151 671 1247 712 quo
1265 655 1407 704 modo
1420 655 1587 703 tristes

452 727 576 775 albis
594 726 852 776 informem
872 729 1163 785 spectabant
1182 729 1368 777 ossibus
1388 743 1595 785 agrum3

452 817 563 850 cum
583 802 702 849 mihi
721 818 820 850 non
838 803 1037 850 tantum
1054 802 1283 860 furesque
1301 803 1530 860 feraeque
1550 803 1719 851 su'e'tae

450 875 582 924 hunc
600 878 775 923 vexare
794 875 955 923 locum
974 891 1122 924 curae
1141 880 1258 925 sunt
1276 878 1424 933 atque
1441 876 1613 932 labori,

451 950 690 1004 quantum
708 947 1003 996 carminibus
1022 964 1147 1005 quae
1165 951 1365 997 versant
1383 952 1531 1005 atque
1549 947 1749 995 venenis

369 1039 427 1070 20
449 1021 687 1069 humanos
707 1021 892 1070 animos
913 1042 926 1071 ε
956 1021 1047 1070 has
1067 1022 1201 1070 nullo
1220 1023 1421 1080 perdere
1441 1037 1638 1079 possum

449 1110 539 1143 nec
558 1095 812 1152 prohibere
830 1095 988 1153 modo,
1009 1095 1153 1143 simul
1174 1111 1232 1144 ac
1249 1112 1376 1153 vaga
1393 1096 1513 1144 luna
1529 1096 1757 1143 decorum

449 1168 655 1224 protulit
675 1183 746 1226 os,
767 1168 885 1224 quin
902 1183 1014 1216 ossa
1031 1167 1201 1225 legant
1220 1169 1491 1225 herbasque
1508 1170 1755 1216 nocenteS.

449 1241 565 1289 Vidi
584 1243 776 1298 egomet
794 1241 939 1298 nigra
956 1242 1254 1291 succinctam
1272 1242 1450 1290 vadere
1468 1241 1602 1298 palla

450 1314 722 1372 Canidiam,
743 1314 945 1371 pedibus
962 1315 1108 1363 nudis
1128 1330 1362 1372 passoque
1382 1315 1574 1372 capillo,

369 1403 424 1449 25
450 1403 560 1435 cum
582 1388 779 1447 Sagana
798 1388 980 1437 maiore
998 1388 1273 1437 ululantem
1290 1408 1303 1437 ε
1333 1388 1491 1445 pallor
1509 1389 1746 1444 utrasque

449 1461 633 1509 fecerat
651 1461 918 1510 horrendas
938 1463 1156 1520 aspectu.
1210 1460 1444 1519 Scalpere
1464 1463 1651 1510 terram

449 1535 694 1593 unguibus
713 1537 764 1583 et
783 1536 970 1593 pullam
989 1535 1218 1583 divellere
1239 1536 1483 1583 mordicus
1501 1550 1683 1591 agnam

449 1611 712 1664 coeperunt
731 1628 744 1666 3
775 1623 920 1656 cruor
936 1609 989 1656 in
1008 1609 1192 1656 fossam
1211 1609 1459 1666 confusus,
1479 1609 1538 1655 ut
1556 1608 1669 1655 inde

451 1696 618 1730 manes
637 1682 882 1739 elicerent,
903 1681 1092 1728 animas
1111 1695 1344 1737 responsa
1362 1681 1581 1729 daturas.

370 1780 427 1823 30
449 1755 616 1803 Lanea
635 1756 685 1803 et
705 1755 886 1812 effigies
905 1755 1030 1812 erat,
1051 1754 1212 1802 altera
1231 1770 1398 1803 cereae
1426 1755 1581 1803 maior

449 1828 605 1886 lanea,
626 1843 748 1885 quae
767 1827 935 1885 poenis
953 1830 1280 1884 compesceret
1297 1828 1575 1877 inferiorem
1592 1846 1604 1884 ;

448 1916 588 1949 cerea
607 1901 891 1958 suppliciter
909 1901 1074 1949 stabat
1095 1901 1350 1949 servilibus
1368 1904 1428 1949 ut
1447 1915 1571 1959 quae

447 1975 545 2023 iam
565 1975 787 2031 peritura
805 1974 976 2023 modis.
1024 1975 1251 2023 Hecaten
1262 1976 1407 2022 vocat
1420 1975 1594 2031 altera,
1605 1988 1802 2022 saevam

446 2049 605 2096 altera
624 2048 946 2105 Tisiphonen3
974 2050 1225 2104 serpentes
1244 2049 1393 2105 atque
1412 2048 1601 2097 videres

367 2136 422 2182 35
445 2121 663 2168 infernas
683 2135 849 2168 errare
868 2135 1028 2177 canes,
1051 2120 1337 2176 Lunamque
1356 2119 1612 2167 rubentem

446 2209 507 2241 ne
526 2194 656 2241 foret
675 2193 752 2240 his
769 2194 911 2242 testis
930 2196 1042 2250 post
1062 2209 1243 2251 magna
1261 2193 1414 2240 latere
1433 2193 1673 2249 sepulcra.

446 2267 661 2314 Mentior
680 2269 733 2314 at
753 2267 794 2314 si
813 2267 944 2324 quid,
962 2267 1143 2315 merdis
1162 2269 1311 2322 caput
1326 2266 1550 2323 inquiner
1564 2265 1687 2314 albis

446 2355 717 2399 corvorum,
727 2343 874 2397 atque
885 2342 937 2388 in
945 2354 1022 2388 me
1030 2340 1198 2387 veniat
1206 2340 1409 2387 mictum
1418 2343 1566 2397 atque
1574 2341 1799 2388 cacatum

446 2413 601 2462 Iulius
621 2416 671 2463 et
690 2414 881 2471 fragilis
901 2413 1129 2460 Pediatia
1146 2412 1323 2469 sumne
1343 2413 1583 2462 Voranus.

1025 2505 1067 2537 32
1106 2502 1231 2543 utque

542 2561 558 2608 [
578 2561 683 2610 190]
