2109 2975
734 207 1145 250 EPISTULARUM
1178 208 1236 249 11.
1262 217 1296 248 ιι

345 323 495 366 purae
514 309 631 356 sunt
651 308 858 365 plateae,
877 307 999 355 nihil
1017 309 1077 354 nt
1096 306 1444 355 meditantibus
1462 305 1638 355 obstet.

345 381 569 429 Festinat
588 380 773 429 calidus
792 380 935 427 mulis
954 379 1228 436 gel-alimue
1245 379 1540 437 redemptor,

343 456 537 511 torquet
548 469 679 503 nunc
691 454 916 512 lapidem,
929 469 1062 501 nunc
1073 453 1244 510 ingens
1256 453 1481 501 machina
1488 453 1696 511 tignum,

343 526 509 574 tristia
524 526 736 574 robustis
755 526 1010 574 luctantur
1025 526 1205 574 funera
1222 526 1472 583 plaustris,

264 609 320 656 75
343 599 436 647 hac
454 599 647 647 rabiosa
665 599 798 658 fugit
813 600 965 655 canis,
985 599 1080 647 hac
1098 598 1348 647 lutulenta
1365 600 1466 647 ruit
1487 614 1569 646 sus
1590 620 1602 647 ε

344 672 363 720 i
382 687 514 721 nunc
534 674 775 720 etversns
793 674 955 720 tecum
972 672 1212 721 meditare
1232 687 1451 721 canoros.

345 747 648 804 Scriptorum
685 746 861 794 chorus
888 745 1044 793 omnis
1083 747 1219 794 amat
1263 761 1435 793 nemus
1474 747 1525 794 et
1566 745 1697 804 fug-it

455 819 642 876 urbem,
1282 829 1291 836 '

342 892 437 941 rite
457 892 606 941 cliens
624 893 807 941 Bacchi
826 908 993 940 somno
1010 892 1270 948 gaudentis
1290 894 1342 941 et
1360 892 1532 940 umbra
1553 913 1565 939 ε

343 967 403 1013 tu
421 981 498 1015 me
516 966 647 1015 inter
666 967 902 1024 strepitus
919 968 1184 1014 nocturnos
1204 967 1352 1022 atque
1372 966 1571 1013 diurnos

265 1041 321 1083 80
343 1040 417 1087 vis
437 1055 610 1089 canere
630 1041 681 1089 et
700 1041 956 1089 contracta
975 1040 1111 1097 sequi
1127 1040 1337 1097 vestig-ia
1354 1040 1524 1087 vatum
1544 1041 1564 1086 Ρ

347 1113 606 1173 Ingenium
623 1113 713 1160 sibi
732 1113 862 1170 quod
880 1128 1060 1161 vacuas
1080 1113 1350 1169 desumpsit
1369 1113 1608 1168 Athenas,

342 1189 394 1234 et
413 1187 585 1235 studiis
606 1202 757 1235 annos
776 1189 962 1244 septem
989 1187 1124 1235 dedit
1139 1186 1447 1243 insenuitque

343 1259 478 1307 libris
497 1261 549 1307 et
581 1260 727 1316 curis,
749 1261 916 1307 statua
930 1258 1225 1306 taciturnius
1244 1259 1345 1307 exit

343 1331 627 1388 plerumque
646 1335 698 1381 et
716 1332 818 1380 risu
837 1332 1070 1390 populum
1090 1330 1281 1389 quatit3
1311 1331 1390 1379 hic
1409 1345 1675 1387 egoi-erum

265 1404 320 1462 85
344 1403 569 1452 fluctibus
589 1405 641 1452 in
662 1405 831 1454 mediis
850 1407 902 1454 et
919 1405 1297 1462 tempestatibus
1316 1405 1451 1452 urbis

342 1476 492 1525 verba
511 1476 645 1534 lyrae
665 1481 861 1527 motura
879 1494 1049 1527 sonum
1071 1481 1322 1528 conectere
1345 1479 1552 1537 digner?

344 1549 525 1598 Frater
540 1553 648 1600 erat
668 1553 853 1601 Romae
872 1553 1081 1601 consulti
1100 1553 1285 1610 rhetor,
1305 1554 1364 1599 ut
1384 1552 1511 1600 alter

344 1623 547 1671 alterius
566 1639 785 1674 sermone
805 1640 963 1674 meros
982 1626 1175 1674 audiret
1188 1626 1411 1683 honores,

345 1698 596 1745 Gracchus
615 1700 674 1745 ut
685 1699 763 1748 hic
783 1699 871 1758 illi,
894 1700 1024 1748 foret
1042 1699 1156 1748 huic
1175 1702 1233 1747 ut
1253 1699 1447 1747 Mucius
1466 1698 1563 1756 ille,

262 1786 321 1831 90
344 1770 425 1827 qui
444 1772 604 1819 minus
622 1775 821 1828 argutos
843 1777 990 1821 vexat
1009 1774 1151 1821 furor
1168 1773 1261 1822 iste
1282 1775 1483 1829 poetas?

345 1844 579 1892 Carmina
598 1860 848 1903 compono,
869 1847 949 1894 hic
968 1847 1147 1903 elegos.
1210 1848 1222 1870 ‘
1240 1846 1466 1896 Mirabile
1484 1847 1595 1893 visu

343 1918 677 1975 caelatumque
689 1934 862 1967 novem
876 1919 1033 1967 Musis
1046 1934 1167 1977 opus
1185 1924 1195 1968 !
1214 1922 1225 1940 ’
1273 1920 1450 1976 Aspice
1462 1920 1689 1976 primum,

343 1993 529 2047 quanto
547 2007 656 2038 cum
676 1993 829 2049 fastu,
850 1995 1036 2050 quanto
1055 1993 1300 2041 molimine
1321 1994 1521 2041 circum·

344 2066 616 2120 spectemus
635 2080 838 2114 vacuam
859 2066 1092 2114 Romanis
1112 2067 1307 2116 vatibus
1326 2067 1492 2116 aedem
1514 2070 1523 2113 !

262 2151 321 2198 95
345 2151 457 2184 mox
477 2137 643 2196 etiam,
664 2140 704 2186 si
723 2139 852 2187 forte
871 2154 1034 2197 vacas,
1056 2155 1256 2198 sequere
1276 2143 1328 2189 et
1354 2139 1521 2198 procul
1541 2140 1669 2193 andi,

343 2209 459 2266 quid
478 2209 609 2258 ferat
628 2213 679 2259 et
697 2226 847 2268 quare
866 2212 957 2259 sibi
978 2216 1146 2261 nectat
1162 2216 1368 2270 uterque
1388 2214 1633 2261 coronam.

343 2283 607 2331 caedimur
623 2286 674 2332 et
692 2285 896 2333 totidem
916 2285 1074 2342 plagis
1094 2287 1421 2334 consumimus
1440 2286 1632 2333 hostem

342 2357 478 2405 lento
495 2357 740 2405 Samnites
754 2359 817 2406 ad
836 2358 1024 2406 lumina
1041 2359 1201 2415 prima
1218 2359 1396 2407 duello.

342 2430 554 2479 Discedo
573 2432 781 2480 Alcaeus
800 2434 983 2489 puncto
1000 2431 1131 2479 illius
1150 2451 1163 2489 ;
1191 2431 1272 2479 ille
1290 2446 1396 2479 meo
1414 2431 1553 2488 quis?

420 2524 463 2557 80
485 2522 682 2615 ’ἓοιιωοια
884 2525 926 2557 89
964 2521 1030 2557 hic
1043 2524 1092 2558 ut
1108 2521 1261 2558 Mucius
1276 2521 1349 2563 mi,
1363 2520 1467 2558 codd.
1483 2529 1612 2558 mmm

439 2579 455 2626 [
478 2589 501 2615 2
527 2580 582 2626 5]
