2109 2975
228 673 286 718 25

232 2373 286 2404 10

670 208 987 251 CARMINUM
1020 208 1104 249 111.
1130 217 1204 255 vn,
1230 216 1311 248 vm

424 313 661 361 Frustraz
689 326 805 359 nam
826 310 1033 367 scopulis
1055 309 1247 356 surdior
1266 307 1393 355 Icari

423 400 561 434 voces
589 385 726 434 audit
745 383 906 432 adhue
923 385 1131 440 integer.
1190 381 1260 428 At
1278 380 1367 428 tibi

478 474 538 506 ne
555 459 741 506 vicinus
765 458 981 514 Enipeus

532 532 643 588 plus
663 532 792 579 iusto
811 531 1017 587 placeaiz,
1040 543 1154 577 cave
1173 547 1187 584 3

423 653 640 711 quamvis
660 667 755 701 non
776 653 900 700 alius
920 652 1113 700 flectere
1132 665 1306 707 equum
1328 650 1483 697 sciens

423 743 573 784 aeque
594 727 892 783 conspicitur
913 726 1132 784 gramine
1154 723 1352 779 Martio,

479 816 568 849 nec
588 801 840 857 quisquam
861 799 987 847 citus
1009 813 1158 854 aeque

536 874 694 922 Tusco
714 874 914 921 denatat
936 872 1088 920 alveo.

422 997 590 1044 Prima
607 997 749 1044 nocte
765 995 960 1043 domum
981 994 1151 1042 claude
1171 1008 1324 1048 neque
1343 992 1394 1039 in
1414 992 1517 1038 vias

422 1070 510 1117 sub
531 1070 680 1118 canssu
703 1068 933 1124 querulae
950 1067 1139 1123 despice
1158 1066 1320 1123 tibiae,

476 1146 527 1191 et
545 1145 596 1190 te
616 1157 760 1198 saepe
779 1142 974 1190 vocanti

532 1216 705 1263 duram
726 1214 930 1264 difficilis
952 1229 1111 1262 mane.

912 1476 1046 1524 VIII

475 1595 724 1644 MAR'rns
745 1593 933 1643 caelebs
951 1592 1066 1648 quid
1085 1606 1227 1647 agam
1249 1590 1501 1645 Kalendis,

476 1669 591 1725 quid
608 1668 759 1715 velint
780 1667 921 1715 flores
941 1668 991 1713 et
1012 1680 1183 1712 acerra
1200 1664 1325 1711 turis

477 1742 638 1799 plena,
659 1740 870 1797 miraris,
893 1738 1171 1795 positusque
1192 1736 1338 1784 carbo
1357 1737 1407 1783 in

705 1813 920 1869 caespite
941 1812 1069 1870 vivo,

479 1941 619 1988 docte
639 1953 882 1988 sermones
901 1938 1155 1993 utriusque
1174 1936 1401 1992 ling-uae?

478 2015 721 2062 Voveram
741 2013 904 2061 dulces
926 2010 1096 2068 epulas
1116 2013 1167 2058 et
1187 2009 1351 2057 album

476 2087 649 2136 Libero
667 2102 868 2143 caprum
888 2101 1036 2142 prope
1054 2085 1311 2145 funeratus

702 2160 889 2208 arboris
908 2159 1027 2208 ictu.

479 2287 575 2335 Hic
594 2287 694 2334 dies
715 2301 844 2334 anno
862 2285 1095 2333 redeunte
1112 2284 1269 2331 festus

478 2360 703 2408 corticem
725 2358 1014 2407 adstricizu'm
1034 2356 1140 2414 pice
1161 2356 1423 2405 dimovebit

477 2433 736 2487 amphorae
755 2432 945 2478 fumum
964 2430 1128 2478 bibere
1147 2431 1405 2478 insizitutae

702 2504 895 2553 consule
919 2502 1080 2552 Tullo.

406 2579 421 2626 [
444 2580 490 2628 83
509 2579 524 2625 ]
