2109 2975
375 445 425 488 15

366 2022 417 2051 10

1013 187 1237 230 HORATI

588 287 632 333 O
652 285 869 342 quamvis
890 301 1043 342 neque
1063 287 1113 333 te
1129 300 1334 333 munera
1350 300 1438 333 nec
1458 298 1622 340 preces

593 374 680 406 nec
700 359 883 406 tinctus
904 359 1032 407 viola
1050 358 1210 415 pallor
1228 358 1501 406 amantium

587 446 676 480 nec
695 431 771 479 vir
789 431 950 479 Pieria
969 431 1149 488 paelice
1167 432 1360 480 saucius

701 507 889 562 curvat,
912 505 1208 562 supplicibus
1227 505 1326 552 tuis

589 645 777 687 parcas,
797 645 885 679 nec
904 629 1061 686 rigida
1080 629 1271 679 mollior
1288 627 1480 677 aesculo

589 719 676 751 nec
696 702 884 750 Mauris
903 703 1120 750 animum
1141 701 1307 750 mitior
1325 700 1583 759 anguibus.

589 776 703 824 Non
721 776 812 824 hoc
832 791 1022 832 semper
1040 776 1136 823 erit
1156 774 1337 823 liminis
1358 776 1445 821 aut
1464 788 1617 831 aquae

701 848 917 897 caelestis
937 848 1129 905 patiens
1148 848 1296 898 latus·

1078 1109 1153 1157 XI

563 1269 569 1274 .
642 1236 1104 1291 Mnncum,-nam
1125 1235 1177 1281 te
1196 1233 1364 1282 docilis
1384 1231 1621 1290 magistro

641 1306 792 1355 movit
810 1307 1057 1364 Amphion
1077 1307 1261 1364 lapides
1283 1306 1575 1363 canendo,—

639 1382 789 1436 tuque
808 1381 1005 1428 testudo
1024 1396 1253 1429 resonare
1273 1382 1460 1436 septem

752 1452 927 1502 callida.
944 1454 1123 1517 nervis,

640 1594 730 1626 nec
749 1578 925 1634 loquax
946 1578 1061 1626 olim
1080 1594 1235 1634 neque
1255 1581 1416 1636 grata,
1440 1594 1570 1627 nunc
1588 1579 1640 1627 et

638 1651 844 1698 divitum
864 1651 1043 1698 mensis
1065 1654 1115 1699 et
1135 1651 1295 1699 amica.
1311 1653 1523 1709 templis,

639 1723 717 1771 dic
738 1722 918 1780 modom
941 1723 1075 1780 Lyde
1094 1723 1266 1780 quibus
1286 1724 1557 1773 obstinatas

757 1790 965 1847 applicet
985 1808 1144 1852 aures,

636 1933 757 1972 quae
776 1916 911 1965 velut
930 1917 1043 1966 latis
1064 1930 1189 1974 equa
1205 1917 1357 1966 trima
1375 1917 1557 1974 campis

636 1989 761 2038 ludit
780 1991 983 2039 exultim
999 1992 1268 2047 metuitque
1287 1991 1442 2048 tangi,

642 2063 925 2120 nuptiarum
943 2080 1117 2121 expers
1136 2066 1187 2112 et
1206 2063 1367 2111 adhuc
1385 2066 1615 2120 protervo

747 2139 898 2186 cruda
918 2139 1112 2186 marito.

643 2264 720 2310 Tu
740 2265 874 2318 potes
896 2263 1045 2318 tigres
1068 2261 1356 2316 comitesque
1378 2261 1522 2307 silvas

635 2338 809 2385 ducere
827 2338 877 2382 et
898 2335 1025 2381 rivos
1046 2334 1223 2381 celeres
1244 2333 1445 2389 morari;

638 2408 781 2457 cessit
800 2407 1022 2453 immanis
1036 2406 1133 2452 tibi
1153 2405 1417 2453 blandienti

731 2479 909 2526 ianitor
930 2478 1086 2534 aulae,

535 2557 548 2599 f
568 2557 616 2593 30
636 2554 649 2598 ]
