2109 2975
975 200 1197 241 HORATI
1278 199 1284 206 ”

328 319 354 358 4
358 317 382 361 5
463 301 711 348 Damnosa
731 300 843 356 quid
865 315 962 347 non
983 300 1228 347 imminuit
1249 299 1378 348 dies?
1432 299 1436 301 ⁷

464 375 615 421 Aetas
636 375 893 429 parentum
916 374 1048 429 peior
1069 374 1172 420 avis
1192 375 1308 421 tulit

519 462 604 493 nos
625 446 891 502 nequiores,
914 462 1024 493 mox
1045 446 1245 494 daturos

575 519 850 574 progeniem
871 520 1180 569 vitiosiorem.

1020 758 1127 808 VII

457 865 606 921 QUID
627 866 728 923 fles,
749 864 956 923 Asterie,
977 880 1118 921 quem
1140 864 1230 911 tibi
1249 864 1439 912 candidi

460 940 617 995 primo
637 940 901 988 restituent
922 954 1034 986 vere
1056 938 1262 986 Favonii

517 1012 689 1068 Thyna
708 1028 868 1061 merce
886 1012 1104 1069 beatum,

571 1085 839 1133 constantis
858 1086 1081 1133 iuvenem
1103 1085 1213 1141 fide,

357 1210 383 1256 5
458 1197 659 1253 Gygen?
715 1196 807 1243 Ille
826 1196 970 1243 Notis
989 1199 1128 1243 actus
1148 1195 1211 1243 ad
1231 1191 1427 1242 Oricum

458 1272 567 1325 post
586 1269 758 1316 insana
779 1269 966 1324 Caprae
987 1268 1146 1316 sidera
1164 1268 1370 1325 frig-idas

514 1343 680 1390 noctes
700 1357 798 1390 non
819 1341 921 1389 sine
942 1341 1112 1388 multis

569 1416 800 1462 insomnis
823 1414 1032 1463 lacrimis
1052 1415 1175 1471 agit.

457 1529 610 1587 Atqui
629 1529 861 1577 sollicitae
881 1529 1085 1576 nuntius
1104 1530 1341 1586 hospitae,

325 1626 377 1656 10
458 1603 699 1659 suspirare
720 1602 905 1651 Chlo‘eSn
925 1605 975 1651 et
996 1603 1221 1652 miseram
1242 1605 1341 1652 tuis
1378 1629 1385 1637 v

513 1677 676 1724 dicens
696 1676 891 1732 ignibus
911 1677 1006 1734 uri,

570 1752 782 1806 temptat
804 1750 934 1798 mille
952 1751 1093 1800 vafer
1112 1752 1282 1801 modis,

458 1862 529 1910 Ut
549 1863 783 1909 Proetum
803 1863 978 1911 mulier
997 1864 1183 1920 perfida
1203 1863 1453 1911 credulum

457 1934 592 1982 falsis
612 1936 861 1992 impulerit
882 1937 1179 1993 cfiminibu8‚
1201 1936 1345 1983 nimis

324 2033 374 2078 15
514 2009 660 2056 Casto
678 2009 1048 2067 Bellerophonti

567 2086 815 2131 maturare
834 2098 1018 2138 necem,
1039 2081 1208 2130 refert.

457 2197 643 2245 Narrat
658 2211 811 2253 paene
833 2196 1004 2242 datum
1025 2194 1173 2242 Pelea
1192 2195 1420 2253 Tartaro,

448 2271 761 2328 Magnessam
789 2267 1093 2324 Hippolyten
1111 2269 1226 2315 dum
1246 2269 1377 2326 fugit
1397 2269 1645 2317 abstinens
1663 2289 1674 2326 ;

511 2344 562 2389 et
583 2355 779 2397 peccare
799 2341 1023 2388 docentes

321 2444 378 2473 20
568 2413 720 2460 fallax
740 2413 967 2461 historias
987 2416 1168 2462 monet.

972 2517 1012 2549 20
1051 2515 1182 2550 movet

505 2570 619 2616 [82]
