2109 2975
336 1628 390 1658 10

1011 205 1238 247 HORATI

524 305 684 352 ferimr
705 307 754 353 eiz
774 306 872 352 leni
890 319 1114 353 recreare
1134 306 1281 352 vento

525 393 746 434 sparsum
769 378 982 426 odoratis
1004 393 1228 425 umerum
1249 374 1453 435 capillis,

524 450 677 507 qualis
699 454 786 498 aut
809 451 988 498 Nireus
1007 452 1105 498 fuit
1126 453 1213 498 aut
1235 466 1413 506 aquosa

692 525 862 579 raptus
884 524 945 572 ab
962 524 1066 571 Ida.

1018 718 1141 767 XXI

527 843 567 889 O
590 854 738 889 NATA
759 857 947 891 mecum
969 842 1163 892 consule
1183 840 1387 898 Manlio,

526 930 610 961 seu
628 918 686 962 tu
705 916 944 971 querellas
966 916 1066 963 sive
1086 915 1213 972 geris
1234 914 1359 962 iocos

583 1003 666 1035 seu
685 988 843 1036 rixam
862 990 912 1036 et
931 988 1128 1035 insanos
1149 1002 1334 1036 amores

638 1077 721 1109 seu
740 1061 951 1118 facilem,
973 1062 1054 1118 pia
1074 1062 1219 1117 tesia,
1238 1074 1476 1117 somnum,

525 1201 821 1243 quocumque
840 1185 1022 1233 lectum
1042 1184 1237 1232 nomine
1256 1184 1520 1231 Massicum

525 1274 704 1315 servas,
726 1259 908 1305 moveri
928 1258 1078 1314 digna
1094 1258 1220 1303 bono
1238 1257 1332 1315 die,

581 1331 830 1388 descende,
853 1330 1063 1379 Corvino
1081 1330 1277 1378 iuben'oe

637 1419 857 1460 promere
875 1403 1183 1461 languidiora
1200 1403 1330 1453 vina.

526 1530 639 1579 Non
659 1529 755 1584 ille,
778 1543 1071 1586 quamquam
1093 1527 1352 1576 Secraizicis
1371 1528 1537 1575 madeiz

528 1598 841 1661 sermonibus,
863 1605 914 1650 te
932 1602 1155 1660 negleget
1177 1601 1402 1649 horridus
1419 1620 1432 1651 ι

583 1679 815 1725 narraizur
833 1678 884 1724 ei.
903 1677 1050 1733 prisci
1069 1676 1268 1724 Catonis

640 1766 779 1807 saepe
799 1766 932 1799 mero
952 1750 1156 1798 caluisse
1176 1750 1352 1797 virtus.

527 1876 604 1923 Tu
622 1876 729 1923 lene
748 1877 1046 1924 tormenbum
1061 1874 1256 1930 ingenio
1275 1872 1500 1920 admoves

526 1949 807 2005 plerumque
828 1950 950 1996 duro
970 1969 981 2005 ;
1016 1951 1076 1995 tu
1096 1947 1390 2002 sapientium

584 2037 723 2069 curas
744 2024 793 2070 et
814 2036 1042 2069 arcanum
1064 2020 1220 2066 iocoso

640 2095 889 2144 consilium
908 2084 1089 2151 relegis
1109 2090 1270 2148 Lyaeo
1287 2112 1298 2147 3

527 2224 584 2268 iu
604 2236 738 2279 spem
759 2218 947 2267 reducis
966 2217 1209 2266 menssibus
1229 2216 1401 2272 anxiis,

527 2296 745 2350 viresque
765 2294 814 2339 et
835 2291 971 2338 addis
991 2305 1174 2337 cornua
1194 2290 1395 2344 pauperi

585 2367 694 2423 posis
713 2368 764 2412 te
783 2378 935 2418 neque
955 2362 1107 2409 iratos
1127 2362 1355 2408 trementi

642 2452 811 2493 regum
832 2436 991 2491 apices
1011 2450 1166 2490 neque
1187 2435 1395 2482 militum
1416 2448 1571 2482 arma.

648 2522 653 2527 ’
994 2520 1024 2551 5.
1068 2514 1232 2551 numine

514 2577 627 2625 [96]
