2109 2975
1020 203 1243 245 HORATI

453 307 670 362 tempore
690 319 808 352 num
828 293 1018 351 faciant
1035 302 1206 350 alieno.
1270 301 1285 326 ‘
1298 301 1512 350 Laedere
1533 298 1752 360 gaudes:

453 380 628 436 inquit,
651 379 661 399 ‘
677 381 727 424 et
746 377 835 424 hoc
857 376 1018 423 studio
1034 391 1214 431 pravus
1227 375 1385 423 facis.'
1430 375 1573 423 Unde
1593 374 1804 430 petitum

374 458 430 499 80
454 454 544 500 hoc
563 453 615 498 in
635 466 712 497 me
730 450 881 497 iacis?
909 451 1000 497 Est
1021 450 1194 496 auctor
1213 449 1318 504 quis
1339 449 1541 505 denique
1559 462 1726 495 eorum

454 521 552 569 vixi
571 536 682 567 cum
703 520 907 576 quibus?
966 522 1233 569 Absentem
1253 523 1335 577 qui
1355 522 1485 569 rodit
1506 522 1732 579 amicum,

452 595 534 651 qui
555 608 652 641 non
672 591 889 641 defendit
909 594 1005 641 alio
1024 594 1271 652 culpante,
1293 595 1477 642 solutos

452 669 532 725 qui
553 669 722 724 captat
740 668 867 715 risus
885 668 1138 715 hominum
1158 668 1435 725 famamque
1456 668 1649 725 dicacis,

453 743 633 799 fingere
653 741 735 798 qui
753 755 850 788 non
870 741 974 788 visa
993 743 1174 798 potest,
1197 742 1451 789 commissa
1470 743 1633 789 tacere

370 824 425 875 85
452 816 534 872 qui
551 816 736 872 nequit,
756 815 835 863 hic
853 815 994 872 niger
1016 817 1109 870 est,
1127 814 1259 862 hunc
1278 816 1354 871 tu,
1369 815 1606 872 Romane,
1624 817 1810 863 caveto.

452 889 603 944 Saepe
621 887 780 934 tribus
799 886 940 933 lectis
960 886 1125 933 videas
1146 900 1320 933 cenare
1340 887 1617 942 quaternos,

449 977 477 1009 e
496 961 669 1019 quibus
689 975 815 1007 unus
836 960 967 1007 amet
988 959 1157 1015 quavis
1177 970 1432 1015 aspergere
1452 960 1652 1006 cunctos

451 1036 645 1091 praeter
664 1049 773 1081 eum
795 1033 877 1089 qui
889 1032 1089 1088 praebet
1110 1047 1284 1088 aquam
1300 1050 1312 1086 ς
1343 1034 1454 1088 post
1468 1031 1598 1078 hunc
1611 1047 1801 1088 quoque

561 1110 722 1165 potus,

449 1181 644 1229 condita
663 1196 773 1228 cum
792 1194 946 1226 verax
965 1178 1125 1236 aperit
1143 1179 1425 1234 praecordia
1444 1179 1604 1225 Liber.

367 1272 425 1315 90
451 1255 548 1302 Hic
567 1255 660 1301 tibi
679 1254 828 1301 comis
848 1256 899 1300 et
918 1253 1136 1300 urbanus
1157 1252 1370 1308 liberque
1390 1252 1599 1309 videtur,

445 1330 626 1376 infesto
644 1326 813 1384 nigris.
873 1326 982 1384 Ego
1002 1326 1042 1373 si
1061 1326 1147 1373 risi
1167 1326 1294 1381 quod
1306 1327 1502 1382 ineptus

447 1402 665 1458 pastillos
684 1401 895 1448 Rufillus
915 1400 1029 1457 olet,
1052 1400 1328 1459 Gargonius
1346 1400 1552 1456 hircum,

446 1475 621 1523 lividus
640 1476 694 1522 et
711 1473 910 1521 mordax
928 1472 1095 1521 videor
1112 1472 1236 1520 tibi?
1264 1472 1454 1520 Mentio
1473 1472 1514 1520 si
1533 1488 1656 1529 quae

446 1550 506 1597 de
527 1548 787 1605 Capitolini
806 1548 953 1594 furtis
972 1547 1151 1595 iniecta
1172 1547 1339 1594 Petilli

365 1636 422 1684 95
447 1625 497 1670 te
518 1637 680 1670 coram
699 1621 868 1678 fuerit,
889 1621 1121 1668 defendas
1142 1622 1199 1667 ut
1218 1621 1334 1666 tuus
1354 1621 1429 1669 est
1450 1635 1551 1667 mos
1573 1642 1584 1668 ι

448 1698 460 1718 ‘
478 1697 561 1745 Me
582 1695 885 1752 Capitolinus
906 1695 1180 1744 convictore
1201 1710 1317 1742 usus
1337 1695 1583 1750 amicoque

447 1787 477 1818 a
498 1785 646 1826 puero
664 1771 755 1827 est,
777 1784 1015 1825 causaque
1035 1783 1145 1817 mea
1164 1769 1408 1825 permulta
1426 1769 1627 1825 rogatus

446 1845 580 1900 fecit,
602 1844 651 1890 et
671 1842 923 1891 incolumis
941 1841 1101 1889 laetor
1120 1842 1248 1899 quod
1265 1841 1388 1889 vivit
1406 1841 1456 1887 in
1477 1840 1596 1887 urbe
1615 1860 1626 1896 ;

448 1919 529 1966 sed
550 1921 713 1964 tamen
734 1916 964 1973 admiror,
986 1930 1081 1971 quo
1100 1918 1244 1972 pacto
1263 1915 1491 1963 iudicium
1510 1914 1633 1961 illud

343 2011 425 2042 100
447 1992 661 2050 fugerit:
722 1991 820 2037 Hic
839 1990 1007 2046 nigrae
1030 2005 1173 2037 sucus
1190 1987 1437 2045 lolliginis,
1457 1987 1578 2033 haec
1598 1989 1672 2032 est

447 2081 628 2122 aerugo
649 2078 782 2111 mera
803 2083 815 2110 ε
844 2063 971 2119 quod
989 2062 1165 2110 vitium
1184 2061 1353 2119 procul
1374 2061 1509 2108 afore
1528 2060 1711 2108 chartis

447 2142 591 2196 atque
612 2137 773 2186 animo
792 2137 944 2194 prius,
964 2138 1022 2184 ut
1042 2137 1083 2185 si
1104 2137 1219 2193 quid
1238 2135 1522 2191 promittere
1535 2134 1594 2181 de
1613 2150 1689 2180 me

447 2229 643 2270 possum
662 2210 794 2258 aliud
813 2226 942 2267 vere,
965 2211 1216 2267 promitto.
1274 2207 1492 2254 Liberius
1514 2207 1555 2253 si

447 2287 615 2333 dixero
630 2284 762 2340 quid,
785 2283 824 2329 si
843 2283 972 2330 forte
991 2283 1211 2338 iocosius,
1231 2281 1324 2328 hoc
1344 2280 1463 2326 mihi
1480 2280 1600 2327 iuris

346 2367 424 2413 105
447 2372 558 2403 cum
577 2354 718 2401 venia
736 2353 873 2399 dabis
894 2372 907 2401 ε
937 2352 1149 2399 insuevit
1168 2353 1311 2407 pater
1329 2350 1540 2405 optimus
1560 2349 1652 2396 hoc
1673 2364 1767 2405 me,

447 2431 504 2476 ut
524 2429 743 2484 fugerem
764 2424 993 2480 exemplis
1011 2424 1241 2471 vitiorum
1258 2437 1472 2480 quaeque
1488 2422 1719 2469 notando.

449 2504 572 2550 Cum
593 2516 668 2548 me
687 2500 985 2554 hortaretur,
1008 2512 1167 2554 parce,
1188 2496 1462 2553 frugaliter,
1485 2497 1628 2551 afflue

544 2576 683 2625 [178]
