2109 2975
425 1372 481 1416 30

429 1782 484 1829 35

427 2188 484 2228 40

1082 189 1304 231 nolum

656 290 935 337 Destrictus
954 289 1083 338 ensis
1104 289 1183 337 cui
1202 304 1349 346 super
1368 290 1518 346 impia

652 361 837 411 cervice
856 363 1052 420 pendet,
1075 377 1171 410 non
1194 362 1387 411 Siculae
1408 362 1557 418 dapes

706 434 895 483 dulcem
918 435 1243 483 elaborabunt
1263 450 1501 492 saporem,

763 524 862 556 non
881 508 1044 557 avium
1065 508 1375 566 citharaeque
1395 510 1569 557 cantus

652 638 873 671 somnum
892 623 1141 672 reducent.
1204 623 1412 671 Somnus
1431 622 1697 681 agrestium

649 697 771 745 lenis
790 697 1004 746 virorum
1023 712 1122 745 non
1141 696 1349 745 humiles
1369 696 1534 744 domos

707 771 901 819 fastidit
921 771 1293 827 umbrosamque
1312 770 1491 827 ripam,

759 860 858 894 non
880 844 1110 902 Zephyris
1129 844 1321 902 agitata
1341 844 1538 900 Tempe.

653 957 1021 1006 Desidet-antem
1043 958 1171 1016 quod
1191 957 1311 1006 satis
1331 959 1407 1006 est
1427 971 1581 1014 neque

653 1031 1007 1080 tumultuosum
1029 1031 1259 1079 sollicitat
1279 1046 1431 1087 mare,

704 1120 796 1153 nec
815 1119 987 1152 saevus
1005 1103 1211 1152 Arcturi
1230 1103 1447 1152 cadentis

764 1174 976 1231 impetus
992 1173 1081 1220 aut
1100 1172 1301 1220 orientis
1322 1171 1499 1229 Haedi,

651 1299 749 1333 non
767 1282 1054 1332 verberatae
1074 1282 1313 1341 grandine
1331 1283 1500 1331 vineae

651 1358 928 1414 fundusque
943 1356 1168 1415 mendax,
1191 1356 1363 1406 arbore
1384 1372 1515 1405 nunc
1534 1371 1685 1414 aquas

707 1431 954 1490 culpante,
977 1447 1106 1480 nunc
1125 1431 1363 1480 torrentia
1383 1447 1526 1490 agros

761 1505 937 1564 sidera,
957 1521 1089 1554 nunc
1107 1504 1288 1554 hiemes
1307 1505 1512 1563 iniquas.

649 1615 921 1663 Contracta
940 1613 1095 1670 pisces
1115 1628 1327 1670 aequora
1344 1613 1564 1662 sentiunt

652 1687 792 1735 iactis
812 1687 864 1734 in
883 1687 1039 1753 altum
1060 1686 1266 1735 molibus
1286 1707 1300 1744 ;
1327 1687 1424 1735 huc
1441 1687 1667 1745 frequens

707 1761 960 1811 caementa
977 1760 1196 1808 demittit
1214 1760 1494 1817 redemptor

760 1850 871 1883 cum
886 1835 1084 1882 famulis
1104 1834 1419 1890 dominusque
1439 1836 1600 1882 terrae

649 1942 946 1991 fastidiosus.
1008 1942 1105 1991 Sed
1126 1942 1293 1990 Timor
1312 1945 1363 1989 et
1383 1941 1549 1989 Minae

652 2016 891 2065 scandunt
911 2017 1095 2073 eodem,
1119 2030 1213 2072 quo
1232 2015 1470 2072 dominus,
1490 2028 1645 2072 neque

703 2090 892 2138 decedit
911 2091 1082 2137 aerata
1098 2088 1287 2137 triremi
1307 2088 1357 2136 et

758 2163 870 2221 post
889 2163 1099 2220 equitem
1120 2162 1254 2209 sedet
1275 2164 1385 2209 atra
1405 2161 1551 2210 Oura.

649 2270 828 2328 Quodsi
847 2268 1091 2317 dolentem
1113 2284 1202 2316 nec
1221 2268 1463 2325 Phrygius
1483 2268 1605 2324 lapis

652 2359 739 2390 nec
759 2357 1091 2398 purpurarum
1111 2340 1266 2389 sidere
1285 2341 1462 2388 clarior

702 2414 882 2462 delenit
903 2429 1019 2461 usus
1039 2428 1129 2461 nec
1150 2413 1362 2462 Falerna

758 2486 871 2533 vitis
892 2485 1363 2543 Achaemeniumque
1384 2489 1589 2544 costum,

607 2561 724 2608 [70]
