<?xml version="1.0" encoding="UTF-8"?>
<!DOCTYPE html PUBLIC "-//W3C//DTD XHTML 1.0 Transitional//EN"
    "http://www.w3.org/TR/xhtml1/DTD/xhtml1-transitional.dtd">
<html xmlns="http://www.w3.org/1999/xhtml" xml:lang="en" lang="en">
 <head>
  <title>
</title>
<meta http-equiv="Content-Type" content="text/html;charset=utf-8" />
  <meta name='ocr-system' content='tesseract 3.04.00' />
  <meta name='ocr-capabilities' content='ocr_page ocr_carea ocr_par ocr_line ocrx_word'/>
</head>
<body>
  <div class='ocr_page' id='page_1' title='image "./operaomnia06unkngoog_0031.png"; bbox 0 0 2109 2975; ppageno 0'>
   <div class='ocr_carea' id='block_1_1' title="bbox 224 744 278 774">
    <p class='ocr_par' dir='ltr' id='par_1_1' title="bbox 224 744 278 774">
     <span class='ocr_line' id='line_1_1' title="bbox 224 744 278 774; baseline -0.019 0"><span class='ocrx_word' id='word_1_1' title='bbox 224 744 278 774; x_wconf 85' lang='lat'><strong>10</strong></span> 
     </span>
    </p>
   </div>
   <div class='ocr_carea' id='block_1_2' title="bbox 226 1151 278 1197">
    <p class='ocr_par' dir='ltr' id='par_1_2' title="bbox 226 1151 278 1197">
     <span class='ocr_line' id='line_1_2' title="bbox 226 1151 278 1197; baseline 0 0"><span class='ocrx_word' id='word_1_2' title='bbox 226 1151 278 1197; x_wconf 83' lang='lat'><strong>15</strong></span> 
     </span>
    </p>
   </div>
   <div class='ocr_carea' id='block_1_3' title="bbox 225 2008 281 2054">
    <p class='ocr_par' dir='ltr' id='par_1_3' title="bbox 225 2008 281 2054">
     <span class='ocr_line' id='line_1_3' title="bbox 225 2008 281 2054; baseline 0 0"><span class='ocrx_word' id='word_1_3' title='bbox 225 2008 281 2054; x_wconf 84' lang='lat'><strong>25</strong></span> 
     </span>
    </p>
   </div>
   <div class='ocr_carea' id='block_1_4' title="bbox 722 209 1305 253">
    <p class='ocr_par' dir='ltr' id='par_1_4' title="bbox 722 209 1305 253">
     <span class='ocr_line' id='line_1_4' title="bbox 722 209 1305 253; baseline -0.003 -2"><span class='ocrx_word' id='word_1_4' title='bbox 722 209 1036 253; x_wconf 76' lang='lat' dir='ltr'>CARMINUM</span> <span class='ocrx_word' id='word_1_5' title='bbox 1074 211 1108 251; x_wconf 89' lang='lat'><strong>1.</strong></span> <span class='ocrx_word' id='word_1_6' title='bbox 1133 219 1222 250; x_wconf 81' lang='lat' dir='ltr'><strong>xvu</strong></span> <span class='ocrx_word' id='word_1_7' title='bbox 1301 213 1305 219; x_wconf 85' lang='grc'><em>“</em></span> 
     </span>
    </p>
   </div>
   <div class='ocr_carea' id='block_1_5' title="bbox 500 307 1467 589">
    <p class='ocr_par' dir='ltr' id='par_1_5' title="bbox 500 307 1467 589">
     <span class='ocr_line' id='line_1_5' title="bbox 500 307 1407 367; baseline 0.002 -11"><span class='ocrx_word' id='word_1_8' title='bbox 500 311 705 366; x_wconf 81' lang='lat' dir='ltr'>Impune</span> <span class='ocrx_word' id='word_1_9' title='bbox 724 310 891 357; x_wconf 87' lang='lat' dir='ltr'><strong>tutum</strong></span> <span class='ocrx_word' id='word_1_10' title='bbox 911 325 999 367; x_wconf 86' lang='lat' dir='ltr'><strong>per</strong></span> <span class='ocrx_word' id='word_1_11' title='bbox 1019 324 1189 358; x_wconf 85' lang='lat' dir='ltr'><strong>nemus</strong></span> <span class='ocrx_word' id='word_1_12' title='bbox 1209 307 1407 358; x_wconf 84' lang='lat' dir='ltr'><strong>arbutos</strong></span> 
     </span>
     <span class='ocr_line' id='line_1_6' title="bbox 500 383 1414 442; baseline 0.002 -12"><span class='ocrx_word' id='word_1_13' title='bbox 500 383 742 440; x_wconf 88' lang='lat' dir='ltr'><strong>quaerunt</strong></span> <span class='ocrx_word' id='word_1_14' title='bbox 762 383 971 432; x_wconf 87' lang='lat' dir='ltr'><strong>latentes</strong></span> <span class='ocrx_word' id='word_1_15' title='bbox 991 386 1041 432; x_wconf 91' lang='lat' dir='ltr'><strong>et</strong></span> <span class='ocrx_word' id='word_1_16' title='bbox 1061 385 1232 442; x_wconf 83' lang='lat' dir='ltr'><strong>thyma</strong></span> <span class='ocrx_word' id='word_1_17' title='bbox 1249 385 1414 432; x_wconf 82' lang='lat' dir='ltr'><strong>deviae</strong></span> 
     </span>
     <span class='ocr_line' id='line_1_7' title="bbox 553 457 1125 514; baseline -0.002 -9"><span class='ocrx_word' id='word_1_18' title='bbox 553 457 730 506; x_wconf 90' lang='lat' dir='ltr'><strong>olentis</strong></span> <span class='ocrx_word' id='word_1_19' title='bbox 750 472 923 506; x_wconf 85' lang='lat' dir='ltr'><strong>uxores</strong></span> <span class='ocrx_word' id='word_1_20' title='bbox 943 457 1125 514; x_wconf 85' lang='lat' dir='ltr'><strong>mariti,</strong></span> 
     </span>
     <span class='ocr_line' id='line_1_8' title="bbox 624 523 1467 589; baseline 0 -11"><span class='ocrx_word' id='word_1_21' title='bbox 624 523 627 526; x_wconf 44' lang='lat'>¹</span> <span class='ocrx_word' id='word_1_22' title='bbox 671 547 760 579; x_wconf 86' lang='lat' dir='ltr'><strong>nec</strong></span> <span class='ocrx_word' id='word_1_23' title='bbox 780 531 959 579; x_wconf 86' lang='lat' dir='ltr'><strong>virides</strong></span> <span class='ocrx_word' id='word_1_24' title='bbox 979 533 1209 579; x_wconf 87' lang='lat' dir='ltr'><strong>metuunt</strong></span> <span class='ocrx_word' id='word_1_25' title='bbox 1229 531 1467 589; x_wconf 88' lang='lat' dir='ltr'><strong>colubras,</strong></span> 
     </span>
    </p>
   </div>
   <div class='ocr_carea' id='block_1_6' title="bbox 501 645 1380 923">
    <p class='ocr_par' dir='ltr' id='par_1_6' title="bbox 501 645 1380 923">
     <span class='ocr_line' id='line_1_9' title="bbox 502 645 1317 705; baseline 0.002 -12"><span class='ocrx_word' id='word_1_26' title='bbox 502 662 590 694; x_wconf 87' lang='lat' dir='ltr'><strong>nec</strong></span> <span class='ocrx_word' id='word_1_27' title='bbox 609 645 865 694; x_wconf 87' lang='lat' dir='ltr'><strong>Martiales</strong></span> <span class='ocrx_word' id='word_1_28' title='bbox 886 647 1142 695; x_wconf 85' lang='lat' dir='ltr'><strong>Haediliae</strong></span> <span class='ocrx_word' id='word_1_29' title='bbox 1162 648 1317 705; x_wconf 83' lang='lat' dir='ltr'><strong>lupos,</strong></span> 
     </span>
     <span class='ocr_line' id='line_1_10' title="bbox 501 720 1380 778; baseline 0.002 -12"><span class='ocrx_word' id='word_1_30' title='bbox 501 722 760 776; x_wconf 85' lang='lat' dir='ltr'><strong>utcumque</strong></span> <span class='ocrx_word' id='word_1_31' title='bbox 783 720 930 778; x_wconf 85' lang='lat' dir='ltr'><strong>dulci,</strong></span> <span class='ocrx_word' id='word_1_32' title='bbox 953 720 1189 778; x_wconf 78' lang='lat' dir='ltr'><strong>Tyndari,</strong></span> <span class='ocrx_word' id='word_1_33' title='bbox 1212 721 1380 768; x_wconf 84' lang='lat' dir='ltr'><strong>fistula</strong></span> 
     </span>
     <span class='ocr_line' id='line_1_11' title="bbox 559 791 1247 840; baseline 0.003 -2"><span class='ocrx_word' id='word_1_34' title='bbox 559 792 713 839; x_wconf 79' lang='lat' dir='ltr'><strong>valles</strong></span> <span class='ocrx_word' id='word_1_35' title='bbox 735 795 785 839; x_wconf 89' lang='lat' dir='ltr'><strong>et</strong></span> <span class='ocrx_word' id='word_1_36' title='bbox 807 792 1006 840; x_wconf 82' lang='lat' dir='ltr'><strong>Usticae</strong></span> <span class='ocrx_word' id='word_1_37' title='bbox 1025 791 1247 840; x_wconf 86' lang='lat' dir='ltr'><strong>cubantis</strong></span> 
     </span>
     <span class='ocr_line' id='line_1_12' title="bbox 667 865 1253 923; baseline 0 -10"><span class='ocrx_word' id='word_1_38' title='bbox 667 865 794 913; x_wconf 85' lang='lat' dir='ltr'><strong>levia</strong></span> <span class='ocrx_word' id='word_1_39' title='bbox 813 881 1101 923; x_wconf 81' lang='lat' dir='ltr'><strong>personuere</strong></span> <span class='ocrx_word' id='word_1_40' title='bbox 1122 882 1253 913; x_wconf 79' lang='lat' dir='ltr'><strong>saxa.</strong></span> 
     </span>
    </p>
   </div>
   <div class='ocr_carea' id='block_1_7' title="bbox 500 979 1492 1256">
    <p class='ocr_par' dir='ltr' id='par_1_7' title="bbox 500 979 1492 1256">
     <span class='ocr_line' id='line_1_13' title="bbox 501 979 1301 1039; baseline 0.001 -12"><span class='ocrx_word' id='word_1_41' title='bbox 501 979 566 1027; x_wconf 87' lang='lat' dir='ltr'><strong>Di</strong></span> <span class='ocrx_word' id='word_1_42' title='bbox 586 995 662 1028; x_wconf 89' lang='lat' dir='ltr'><strong>me</strong></span> <span class='ocrx_word' id='word_1_43' title='bbox 681 983 902 1039; x_wconf 84' lang='lat' dir='ltr'><strong>tuentur,</strong></span> <span class='ocrx_word' id='word_1_44' title='bbox 925 981 998 1029; x_wconf 75' lang='lat' dir='ltr'><strong>dis</strong></span> <span class='ocrx_word' id='word_1_45' title='bbox 1018 981 1173 1037; x_wconf 83' lang='lat' dir='ltr'><strong>pietas</strong></span> <span class='ocrx_word' id='word_1_46' title='bbox 1194 997 1301 1028; x_wconf 90' lang='lat' dir='ltr'><strong>mea</strong></span> 
     </span>
     <span class='ocr_line' id='line_1_14' title="bbox 500 1053 1400 1110; baseline 0.001 -11"><span class='ocrx_word' id='word_1_47' title='bbox 500 1055 550 1100; x_wconf 88' lang='lat' dir='ltr'><strong>et</strong></span> <span class='ocrx_word' id='word_1_48' title='bbox 570 1053 717 1100; x_wconf 86' lang='lat' dir='ltr'><strong>Musa</strong></span> <span class='ocrx_word' id='word_1_49' title='bbox 735 1054 866 1101; x_wconf 85' lang='lat' dir='ltr'><strong>cordi</strong></span> <span class='ocrx_word' id='word_1_50' title='bbox 886 1056 976 1102; x_wconf 89' lang='lat' dir='ltr'><strong>est.</strong></span> <span class='ocrx_word' id='word_1_51' title='bbox 1037 1054 1134 1103; x_wconf 90' lang='lat' dir='ltr'><strong>Hic</strong></span> <span class='ocrx_word' id='word_1_52' title='bbox 1153 1054 1244 1103; x_wconf 90' lang='lat' dir='ltr'><strong>tibi</strong></span> <span class='ocrx_word' id='word_1_53' title='bbox 1265 1056 1400 1110; x_wconf 75' lang='lat' dir='ltr'><strong>copia</strong></span> 
     </span>
     <span class='ocr_line' id='line_1_15' title="bbox 555 1127 1301 1188; baseline 0.003 -15"><span class='ocrx_word' id='word_1_54' title='bbox 555 1127 774 1173; x_wconf 75' lang='lat' dir='ltr'><strong>manabit</strong></span> <span class='ocrx_word' id='word_1_55' title='bbox 794 1127 856 1174; x_wconf 76' lang='lat' dir='ltr'><strong>ad</strong></span> <span class='ocrx_word' id='word_1_56' title='bbox 874 1128 1071 1184; x_wconf 88' lang='lat' dir='ltr'><strong>plenum</strong></span> <span class='ocrx_word' id='word_1_57' title='bbox 1090 1129 1301 1188; x_wconf 84' lang='lat' dir='ltr'><strong>benigno</strong></span> 
     </span>
     <span class='ocr_line' id='line_1_16' title="bbox 666 1200 1492 1256; baseline 0 -9"><span class='ocrx_word' id='word_1_58' title='bbox 666 1200 795 1247; x_wconf 87' lang='lat' dir='ltr'><strong>ruris</strong></span> <span class='ocrx_word' id='word_1_59' title='bbox 814 1200 1052 1247; x_wconf 84' lang='lat' dir='ltr'><strong>honorum</strong></span> <span class='ocrx_word' id='word_1_60' title='bbox 1074 1201 1306 1256; x_wconf 87' lang='lat' dir='ltr'><strong>opulenta</strong></span> <span class='ocrx_word' id='word_1_61' title='bbox 1326 1217 1492 1248; x_wconf 85' lang='lat' dir='ltr'><strong>cornu.</strong></span> 
     </span>
    </p>
   </div>
   <div class='ocr_carea' id='block_1_8' title="bbox 500 1317 1451 1593">
    <p class='ocr_par' dir='ltr' id='par_1_8' title="bbox 500 1317 1451 1593">
     <span class='ocr_line' id='line_1_17' title="bbox 500 1317 1321 1366; baseline 0.001 -3"><span class='ocrx_word' id='word_1_62' title='bbox 500 1317 598 1365; x_wconf 89' lang='lat' dir='ltr'><strong>Hic</strong></span> <span class='ocrx_word' id='word_1_63' title='bbox 617 1317 668 1364; x_wconf 88' lang='lat' dir='ltr'><strong>in</strong></span> <span class='ocrx_word' id='word_1_64' title='bbox 693 1318 896 1366; x_wconf 86' lang='lat' dir='ltr'><strong>reducta</strong></span> <span class='ocrx_word' id='word_1_65' title='bbox 914 1318 1040 1365; x_wconf 84' lang='lat' dir='ltr'><strong>valle</strong></span> <span class='ocrx_word' id='word_1_66' title='bbox 1063 1319 1321 1366; x_wconf 83' lang='lat' dir='ltr'><strong>Caniculae</strong></span> 
     </span>
     <span class='ocr_line' id='line_1_18' title="bbox 500 1390 1185 1442; baseline 0.007 -6"><span class='ocrx_word' id='word_1_67' title='bbox 500 1390 675 1437; x_wconf 82' lang='lat' dir='ltr'><strong>vitabis</strong></span> <span class='ocrx_word' id='word_1_68' title='bbox 695 1393 861 1437; x_wconf 87' lang='lat' dir='ltr'><strong>aestus</strong></span> <span class='ocrx_word' id='word_1_69' title='bbox 880 1392 933 1438; x_wconf 90' lang='lat' dir='ltr'><strong>et</strong></span> <span class='ocrx_word' id='word_1_70' title='bbox 952 1390 1044 1438; x_wconf 83' lang='lat' dir='ltr'><strong>fide</strong></span> <span class='ocrx_word' id='word_1_71' title='bbox 1066 1391 1185 1442; x_wconf 65' lang='lat' dir='ltr'><strong>Teia</strong></span> 
     </span>
     <span class='ocr_line' id='line_1_19' title="bbox 559 1462 1172 1512; baseline 0 -2"><span class='ocrx_word' id='word_1_72' title='bbox 559 1462 688 1511; x_wconf 87' lang='lat' dir='ltr'><strong>dices</strong></span> <span class='ocrx_word' id='word_1_73' title='bbox 706 1462 984 1512; x_wconf 76' lang='lat' dir='ltr'><strong>laborantes</strong></span> <span class='ocrx_word' id='word_1_74' title='bbox 1002 1463 1054 1510; x_wconf 92' lang='lat' dir='ltr'><strong>in</strong></span> <span class='ocrx_word' id='word_1_75' title='bbox 1074 1478 1172 1510; x_wconf 91' lang='lat' dir='ltr'><strong>uno</strong></span> 
     </span>
     <span class='ocr_line' id='line_1_20' title="bbox 642 1536 1451 1593; baseline 0 -10"><span class='ocrx_word' id='word_1_76' title='bbox 642 1536 914 1593; x_wconf 85' lang='lat' dir='ltr'><strong>Penelopen</strong></span> <span class='ocrx_word' id='word_1_77' title='bbox 934 1537 1230 1592; x_wconf 81' lang='lat' dir='ltr'><strong>vitreamque</strong></span> <span class='ocrx_word' id='word_1_78' title='bbox 1252 1538 1421 1585; x_wconf 83' lang='lat' dir='ltr'><strong>Circen</strong></span> <span class='ocrx_word' id='word_1_79' title='bbox 1439 1556 1451 1592; x_wconf 81' lang='lat'>3</span> 
     </span>
    </p>
   </div>
   <div class='ocr_carea' id='block_1_9' title="bbox 500 1652 1475 1932">
    <p class='ocr_par' dir='ltr' id='par_1_9' title="bbox 500 1652 1475 1932">
     <span class='ocr_line' id='line_1_21' title="bbox 500 1652 1244 1710; baseline 0 -11"><span class='ocrx_word' id='word_1_80' title='bbox 500 1652 578 1700; x_wconf 79' lang='lat' dir='ltr'><strong>hic</strong></span> <span class='ocrx_word' id='word_1_81' title='bbox 596 1653 867 1701; x_wconf 87' lang='lat' dir='ltr'><strong>innocentis</strong></span> <span class='ocrx_word' id='word_1_82' title='bbox 888 1654 1063 1710; x_wconf 78' lang='lat' dir='ltr'><strong>pocula</strong></span> <span class='ocrx_word' id='word_1_83' title='bbox 1082 1654 1244 1701; x_wconf 89' lang='lat' dir='ltr'><strong>Lesbii</strong></span> 
     </span>
     <span class='ocr_line' id='line_1_22' title="bbox 502 1727 1354 1786; baseline 0 -13"><span class='ocrx_word' id='word_1_84' title='bbox 502 1727 647 1775; x_wconf 85' lang='lat' dir='ltr'><strong>duces</strong></span> <span class='ocrx_word' id='word_1_85' title='bbox 663 1728 753 1775; x_wconf 87' lang='lat' dir='ltr'><strong>sub</strong></span> <span class='ocrx_word' id='word_1_86' title='bbox 772 1727 962 1786; x_wconf 85' lang='lat' dir='ltr'><strong>umbra,</strong></span> <span class='ocrx_word' id='word_1_87' title='bbox 984 1743 1073 1775; x_wconf 89' lang='lat' dir='ltr'><strong>nec</strong></span> <span class='ocrx_word' id='word_1_88' title='bbox 1095 1727 1354 1775; x_wconf 69' lang='lat' dir='ltr'><strong>Semeleius</strong></span> 
     </span>
     <span class='ocr_line' id='line_1_23' title="bbox 555 1801 1415 1857; baseline 0 -10"><span class='ocrx_word' id='word_1_89' title='bbox 555 1817 664 1848; x_wconf 87' lang='lat' dir='ltr'><strong>cnm</strong></span> <span class='ocrx_word' id='word_1_90' title='bbox 685 1801 849 1849; x_wconf 84' lang='lat' dir='ltr'><strong>Marte</strong></span> <span class='ocrx_word' id='word_1_91' title='bbox 871 1801 1135 1849; x_wconf 81' lang='lat' dir='ltr'><strong>confundet</strong></span> <span class='ocrx_word' id='word_1_92' title='bbox 1155 1801 1415 1857; x_wconf 82' lang='lat' dir='ltr'><strong>Thyoneus</strong></span> 
     </span>
     <span class='ocr_line' id='line_1_24' title="bbox 658 1874 1475 1932; baseline -0.001 -11"><span class='ocrx_word' id='word_1_93' title='bbox 658 1874 855 1932; x_wconf 80' lang='lat' dir='ltr'><strong>proelia,</strong></span> <span class='ocrx_word' id='word_1_94' title='bbox 879 1890 967 1922; x_wconf 90' lang='lat' dir='ltr'><strong>nec</strong></span> <span class='ocrx_word' id='word_1_95' title='bbox 987 1877 1173 1922; x_wconf 87' lang='lat' dir='ltr'><strong>metues</strong></span> <span class='ocrx_word' id='word_1_96' title='bbox 1193 1876 1475 1929; x_wconf 84' lang='lat' dir='ltr'><strong>protervum</strong></span> 
     </span>
    </p>
   </div>
   <div class='ocr_carea' id='block_1_10' title="bbox 501 1989 1510 2263">
    <p class='ocr_par' dir='ltr' id='par_1_10' title="bbox 501 1989 1510 2263">
     <span class='ocr_line' id='line_1_25' title="bbox 502 1989 1378 2046; baseline 0.001 -12"><span class='ocrx_word' id='word_1_97' title='bbox 502 1990 726 2043; x_wconf 86' lang='lat' dir='ltr'><strong>suspecta</strong></span> <span class='ocrx_word' id='word_1_98' title='bbox 747 1990 945 2046; x_wconf 79' lang='lat' dir='ltr'><strong>cyrum,</strong></span> <span class='ocrx_word' id='word_1_99' title='bbox 967 2005 1027 2036; x_wconf 92' lang='lat' dir='ltr'><strong>ne</strong></span> <span class='ocrx_word' id='word_1_100' title='bbox 1048 1989 1175 2036; x_wconf 89' lang='lat' dir='ltr'><strong>male</strong></span> <span class='ocrx_word' id='word_1_101' title='bbox 1196 1989 1378 2044; x_wconf 84' lang='lat' dir='ltr'><strong>dispari</strong></span> 
     </span>
     <span class='ocr_line' id='line_1_26' title="bbox 501 2061 1237 2110; baseline 0.001 -3"><span class='ocrx_word' id='word_1_102' title='bbox 501 2061 855 2110; x_wconf 83' lang='lat' dir='ltr'><strong>incontinentes</strong></span> <span class='ocrx_word' id='word_1_103' title='bbox 875 2061 1042 2110; x_wconf 82' lang='lat' dir='ltr'><strong>iniciat</strong></span> <span class='ocrx_word' id='word_1_104' title='bbox 1065 2077 1237 2109; x_wconf 86' lang='lat' dir='ltr'><strong>manus</strong></span> 
     </span>
     <span class='ocr_line' id='line_1_27' title="bbox 568 2135 1377 2183; baseline 0 -2"><span class='ocrx_word' id='word_1_105' title='bbox 568 2138 619 2182; x_wconf 89' lang='lat' dir='ltr'><strong>et</strong></span> <span class='ocrx_word' id='word_1_106' title='bbox 639 2135 828 2182; x_wconf 85' lang='lat' dir='ltr'><strong>scindat</strong></span> <span class='ocrx_word' id='word_1_107' title='bbox 848 2136 1130 2183; x_wconf 87' lang='lat' dir='ltr'><strong>haerentem</strong></span> <span class='ocrx_word' id='word_1_108' title='bbox 1153 2150 1377 2182; x_wconf 86' lang='lat' dir='ltr'><strong>coronam</strong></span> 
     </span>
     <span class='ocr_line' id='line_1_28' title="bbox 673 2207 1510 2263; baseline 0 -7"><span class='ocrx_word' id='word_1_109' title='bbox 673 2207 885 2256; x_wconf 84' lang='lat' dir='ltr'><strong>crinibus</strong></span> <span class='ocrx_word' id='word_1_110' title='bbox 904 2208 1291 2263; x_wconf 78' lang='lat' dir='ltr'><strong>immeritamque</strong></span> <span class='ocrx_word' id='word_1_111' title='bbox 1311 2210 1510 2256; x_wconf 80' lang='lat' dir='ltr'><strong>vestem.</strong></span> 
     </span>
    </p>
   </div>
   <div class='ocr_carea' id='block_1_11' title="bbox 403 2575 520 2624">
    <p class='ocr_par' dir='ltr' id='par_1_11' title="bbox 403 2575 520 2624">
     <span class='ocr_line' id='line_1_29' title="bbox 403 2575 520 2624; baseline 0 -1"><span class='ocrx_word' id='word_1_112' title='bbox 403 2575 520 2624; x_wconf 84' lang='lat'>[27]</span> 
     </span>
    </p>
   </div>
   <div class='ocr_carea' id='block_1_12' title="bbox 2085 5 2100 928">
    <p class='ocr_par' dir='ltr' id='par_1_12' title="bbox 2085 5 2100 928">
     <span class='ocr_line' id='line_1_30' title="bbox 2085 5 2100 928; baseline 0 0"><span class='ocrx_word' id='word_1_113' title='bbox 2085 5 2100 928; x_wconf 95' lang='lat' dir='ltr'><strong> </strong></span> 
     </span>
    </p>
   </div>
  </div>
 </body>
</html>
