2109 2975
1020 191 1241 233 HORATI

451 292 534 348 qui
553 292 774 348 queritur
792 289 1006 339 salebras
1025 292 1078 339 et
1097 290 1326 339 acerbum
1346 289 1503 347 frigus
1523 289 1574 337 et
1592 287 1788 348 imbrem

452 368 540 412 aut
560 365 731 412 cistam
751 364 1005 412 effractam
1026 364 1077 411 et
1097 362 1338 411 subducta
1357 362 1536 411 viatica
1555 362 1731 420 plorat,

373 448 427 495 55
452 436 569 481 nota
589 433 742 480 refert
764 432 1029 490 meretricis
1049 432 1294 490 acumina,
1317 448 1459 489 saepe
1479 432 1724 487 catellam,

452 522 593 562 saepe
614 504 938 562 periscelidem
959 507 1155 561 raptam
1175 505 1266 552 sibi
1288 504 1467 561 flentis,
1488 504 1563 552 uti
1583 520 1697 553 mox

453 580 588 626 nulla
608 579 723 627 fides
744 578 933 626 damnis
954 580 1176 636 verisque
1197 578 1439 627 doloribus
1459 578 1604 626 adsit.

452 653 554 700 Nec
569 652 721 700 semel
740 652 911 699 irrisus
931 652 1090 699 triviis
1112 652 1336 700 attollere
1356 653 1496 699 curat

451 727 611 773 fracto
630 741 770 773 crure
792 725 1009 781 planum,
1032 725 1148 773 licet
1170 724 1241 772 illi
1260 724 1472 781 plurima
1492 726 1656 773 manet

371 806 429 848 60
452 799 669 855 lacrima,
691 814 779 855 per
799 799 1025 846 sanctum
1040 798 1237 846 iuratus
1257 798 1389 845 dicat
1409 797 1592 845 Osirim
1613 818 1624 845 ε

458 870 683 929 ‘Credite‚
703 887 798 920 nou
819 871 935 919 ludo
953 889 967 928 ς
995 871 1230 929 crudeleS,
1252 870 1410 919 tollite
1429 870 1694 919 claudum.'

455 946 661 1003 ‘Quaere
680 944 1024 1003 peregrinum,’
1047 943 1226 993 vicinia
1242 959 1393 993 rauca
1411 944 1665 993 reclamat.

1042 1130 1222 1179 XVIII

455 1240 511 1286 SI
532 1238 653 1286 bene
667 1241 722 1294 sste
741 1237 869 1295 novi,
892 1239 1096 1295 metues,
1117 1237 1360 1286 liberrime
1379 1237 1521 1295 Lolli,

454 1312 723 1362 scurrantis
745 1311 951 1369 speciem
971 1311 1220 1369 praebere,
1242 1311 1486 1367 professus
1505 1310 1732 1376 amicum.

455 1387 526 1434 Ut
545 1384 1038 1439 matronameretriei
1057 1384 1224 1441 dispar
1242 1384 1337 1433 erit
1356 1385 1502 1441 atque

454 1459 672 1517 discolor,
693 1458 842 1508 infido
863 1473 1060 1507 scurrae
1082 1457 1284 1506 distabit
1306 1457 1507 1506 amicus·

402 1549 429 1594 5
455 1535 550 1582 Est
567 1533 681 1582 huic
699 1534 941 1583 diversum
960 1532 1081 1580 vitio
1099 1533 1272 1580 vitium
1292 1547 1440 1589 prope
1461 1532 1633 1589 maine,

454 1607 690 1664 asperitas
711 1608 920 1665 agrestis
940 1609 991 1655 et
1009 1606 1303 1655 inconcinna,
1319 1607 1595 1664 gravisque,

453 1696 576 1738 quae
596 1696 646 1728 se
667 1681 973 1728 commendat
993 1683 1138 1729 tonsa
1158 1683 1288 1738 cute,
1310 1680 1537 1729 dentibus
1557 1679 1695 1736 atris,

454 1756 569 1802 dum
587 1754 696 1800 vult
715 1754 916 1802 libertas
936 1753 1031 1802 dici
1050 1769 1187 1802 mera
1205 1768 1411 1811 veraque
1429 1754 1605 1801 virtuS.

456 1829 628 1876 Virtus
648 1829 723 1876 est
734 1827 947 1875 medium
962 1827 1192 1876 vitiorum
1209 1830 1259 1877 et
1276 1826 1521 1884 utrimque
1534 1827 1809 1876 reductum.

380 1917 433 1948 10
456 1901 597 1951 Alter
614 1900 667 1948 in
686 1900 965 1957 obsequium
985 1899 1096 1957 plus
1115 1916 1268 1957 aequo
1286 1914 1469 1957 pronus
1489 1900 1539 1949 et
1556 1898 1643 1949 imi

456 1973 638 2023 derisor
656 1973 769 2022 lecti
788 1973 857 2022 sic
876 1975 1052 2021 nutum
1074 1972 1239 2036 divitis
1259 1973 1443 2030 horret,

455 2047 521 2096 sic
541 2048 690 2096 iterat
707 2062 850 2096 voces
869 2052 920 2095 et
938 2046 1089 2094 verba
1108 2046 1330 2096 cadentia
1348 2046 1496 2103 tollit,

454 2122 512 2168 ut
531 2135 734 2178 puerum
754 2136 897 2169 saevo
916 2121 1087 2173 credas
1107 2120 1292 2169 dictata
1310 2119 1546 2178 magistro

454 2194 654 2245 reddere
673 2194 750 2242 vel
770 2197 936 2251 partes
956 2194 1158 2242 mimum
1178 2195 1394 2242 tractare
1414 2191 1666 2246 secundae.

381 2282 433 2328 15
455 2268 596 2317 Alter
620 2267 811 2316 rixatur
829 2268 888 2316 de
907 2267 1022 2316 lana
1040 2282 1182 2324 saepe
1200 2267 1415 2325 caprina,

454 2339 733 2396 propugnat
752 2336 896 2394 nug-is
917 2338 1138 2384 armatus
1159 2357 1170 2387 z
1201 2337 1214 2359 ‘
1235 2335 1430 2385 Scilicet
1448 2336 1506 2383 ut
1524 2349 1623 2382 non

455 2412 519 2459 sit
540 2410 657 2459 mihi
677 2409 837 2468 prima
856 2409 991 2466 fides,
1013 2408 1065 2459 et
1084 2425 1197 2458 vere
1216 2410 1343 2467 quod
1363 2409 1522 2466 placet
1541 2410 1600 2456 ut
1618 2421 1717 2456 non
1822 2461 1827 2465 q

456 2484 633 2533 acriter
652 2484 885 2532 elatreml
946 2480 1168 2531 Pretium
1189 2485 1325 2533 aetas
1345 2482 1504 2532 altera
1523 2479 1721 2530 sordet.’

551 2556 570 2604 [
586 2557 659 2601 266
674 2555 692 2612 J
