2109 2975
746 193 1083 236 SATIRARUM
1119 194 1154 234 Ῑ.
1177 203 1204 234 x

296 293 537 342 detereret
558 294 648 341 sibi
667 296 838 352 multa,
861 295 1101 343 recideret
1118 309 1259 342 omne
1278 294 1405 351 quod
1425 294 1560 342 ultra

216 383 271 423 70
295 368 566 423 perfectum
587 368 880 426 traheretur,
902 371 952 416 et
971 370 1023 416 in
1043 384 1188 415 versu
1208 369 1429 417 faciendo

295 457 435 497 saepe
456 443 604 498 caput
625 441 844 489 scaberet
863 442 996 489 vivos
1015 444 1067 489 et
1086 442 1278 489 roderet
1296 458 1500 499 ungues.

295 514 448 569 Saepe
471 514 636 561 stilum
656 517 837 571 vertas,
859 515 1036 562 iterum
1057 530 1180 570 quae
1198 515 1348 572 digna
1364 515 1462 570 legi
1482 515 1581 562 sint

294 587 581 644 scripturus,
603 603 757 643 neque
777 590 827 634 te
847 589 905 634 ut
925 587 1132 636 miretur
1149 587 1297 636 turba
1314 588 1523 645 labores,

295 661 553 707 contentus
573 661 739 717 paucis
759 661 1035 708 lectoribus.
1095 661 1176 707 An
1195 662 1284 708 tua
1303 662 1499 710 demens

218 742 271 787 75
294 733 469 781 vilibus
488 735 539 780 in
557 734 682 781 ludis
703 733 877 781 dictari
897 734 1117 781 carmina
1135 734 1276 781 malis
1296 737 1315 781 f·

294 807 407 854 Non
427 823 541 864 ego:
569 823 683 856 nam
706 807 826 855 satis
852 809 928 854 est
955 807 1169 864 equitem
1189 808 1309 855 mihi
1329 809 1574 866 plaudere,
1595 811 1654 855 ut

409 881 568 927 audax

295 954 586 1009 contemptis
605 954 711 1001 aliis
731 954 926 1012 explosa
946 955 1221 1003 Arbuscula.
1240 955 1380 1004 dixit.

298 1027 417 1074 Men
436 1028 626 1073 moveat
647 1027 802 1074 cimex
821 1027 1082 1085 Pantilius,
1104 1028 1193 1075 aut
1211 1028 1396 1076 cruciet
1414 1029 1543 1083 quod

298 1099 489 1147 vellicet
508 1100 760 1148 absentem
780 1100 1077 1159 Demetrius,
1099 1102 1186 1148 aut
1205 1101 1330 1158 quod
1346 1101 1544 1157 ineptus

219 1174 276 1215 80
299 1172 516 1221 Fannius
538 1174 860 1230 Hermogenis
880 1174 1042 1222 laedat
1063 1174 1266 1222 conviva.
1283 1171 1490 1231 Tigelli?

300 1247 489 1294 Plotius
506 1248 558 1294 et
577 1247 774 1305 Varius,
796 1249 1054 1296 Maecenas
1074 1248 1430 1306 Vergiliusque,

299 1320 522 1378 Valgius,
543 1322 594 1369 et
614 1321 783 1378 probet
802 1321 920 1369 haec
936 1321 1185 1378 Octavius,
1206 1321 1417 1376 optimus
1436 1324 1582 1376 atoue

302 1394 505 1452 Fuscus,
526 1397 577 1443 et
595 1394 922 1442 haecmtiuam
943 1394 1197 1442 Viscorum
1217 1394 1384 1441 laudet
1402 1396 1606 1450 uterque
1627 1399 1638 1440 1

301 1468 579 1517 Ambitione
599 1469 816 1527 relegata
833 1470 884 1517 te
905 1467 1062 1517 dicere
1081 1483 1291 1526 possum,

222 1550 279 1605 85
303 1541 474 1598 Pollio,
495 1543 563 1598 te,
586 1542 814 1599 Messala,
834 1542 922 1589 tuo
940 1558 1050 1590 cum
1071 1541 1244 1600 fratre,
1265 1541 1498 1598 simulque

302 1630 405 1673 vos,
426 1615 599 1663 Bibule
618 1617 669 1663 et
688 1616 842 1672 Servi,
864 1616 1009 1663 simul
1029 1616 1104 1662 his
1121 1618 1190 1674 te,
1212 1615 1411 1663 candide
1430 1615 1601 1671 Furni,

306 1688 576 1744 complures
595 1688 730 1746 alios,
753 1690 918 1737 doctos
936 1705 1026 1747 ego
1045 1704 1163 1745 quos
1184 1691 1235 1736 et
1254 1688 1434 1736 amicos

305 1762 518 1818 prudens
527 1763 778 1817 praetereo
791 1782 804 1819 3
823 1762 996 1818 quibus
1004 1762 1140 1817 haec,
1152 1763 1267 1809 sunt
1274 1761 1657 1818 qualiacumque,

307 1835 522 1883 arridere
540 1835 701 1893 velim,
719 1836 962 1884 doliturus
981 1835 1023 1882 si
1042 1834 1269 1890 placeant
1288 1850 1373 1891 spe

224 1929 285 1973 90
308 1908 524 1955 deterius
544 1910 727 1956 nostra.
788 1908 1026 1963 Demetri,
1047 1909 1207 1964 teque,
1230 1907 1423 1966 Tigelli,

310 1981 652 2037 discipularum
671 1981 802 2028 inter
819 1981 961 2029 iubeo
979 1982 1172 2037 plorare
1192 1981 1464 2029 cathedras,

310 2051 354 2108 1,
376 2066 513 2107 puer,
533 2053 678 2108 atque
698 2066 806 2100 meo
824 2052 951 2100 citus
970 2050 1086 2098 haec
1108 2050 1351 2098 subscribe
1371 2048 1545 2098 libello.

415 2571 554 2620 [197]
