2109 2975
386 1118 438 1148 10

382 1488 432 1534 15

375 2486 426 2516 10

1038 180 1261 221 HORATI

1116 331 1191 381 VI

585 428 736 484 QUID
756 425 1068 477 immerentes
1088 428 1304 486 hospites
1322 444 1470 476 vexas
1492 428 1627 477 canis

641 502 847 559 ignavus
869 503 1126 550 adversum
1141 502 1280 560 lupos
1298 504 1318 551 Ρ

583 575 712 631 Quin
731 575 826 623 huo
846 575 1029 634 inanes,
1053 577 1093 624 si
1113 578 1268 634 potes,
1291 577 1441 624 vertis
1462 576 1637 633 minas,

638 649 688 695 et
705 663 780 696 me
796 665 1126 697 remorsurum
1147 650 1305 707 petis?

582 721 712 769 Nam
731 722 886 778 qualis
906 715 994 771 aut
1013 715 1255 771 Molossus
1275 725 1361 768 aut
1382 722 1545 768 fulvus
1568 722 1748 776 Lacon,

637 796 794 844 amica
813 797 884 843 vis
906 796 1198 854 pastoribus,

579 885 831 926 agamrper
850 869 976 917 altas
997 885 1114 917 aure
1135 870 1328 917 sublata
1347 869 1498 926 nives,

635 960 962 1000 quaecumque
977 944 1233 1001 praecedet
1253 943 1359 991 fera
1379 963 1390 992 ε

578 1020 651 1076 tu,
674 1034 784 1065 eum
802 1018 1022 1066 timenda
1039 1033 1155 1065 voce
1176 1018 1425 1073 complesti
1441 1032 1627 1075 nemus,

632 1092 899 1148 proiectum
917 1092 1131 1139 odoraris
1152 1091 1328 1139 cibum.
1527 1087 1534 1092 ’

575 1166 722 1222 Cave,
743 1180 858 1213 eave
877 1186 888 1212 z
923 1179 1130 1220 namque
1150 1164 1199 1210 in
1216 1165 1366 1211 malos
1382 1165 1674 1220 asperrimus

633 1240 807 1294 parata.
827 1237 945 1284 tollo
966 1248 1164 1295 cornua,

573 1311 727 1366 qualis
749 1310 1020 1367 Lycambae
1041 1313 1234 1367 spretus
1254 1312 1402 1357 infido
1420 1326 1568 1366 gener

629 1387 715 1432 aut
736 1400 848 1432 acer
866 1384 1018 1431 hostis
1039 1385 1248 1440 Bupalo.

572 1460 667 1517 An,
690 1459 731 1506 si
750 1457 856 1516 quis
877 1460 987 1505 atro
1006 1457 1152 1506 dente
1173 1472 1248 1505 me
1270 1458 1512 1515 petiverit,

629 1534 814 1580 inultus
834 1532 892 1579 nt
913 1530 1037 1600 flebo
1056 1534 1213 1587 puer?

1080 1720 1179 1767 VII

568 1818 706 1875 Quo,
728 1833 822 1874 quo
841 1818 1031 1866 scelesti
1051 1818 1223 1865 ruitis?
1251 1819 1339 1864 aut
1360 1832 1448 1862 cur
1467 1816 1677 1863 dexteris

623 1892 860 1948 aptantur
877 1907 1014 1939 enses
1035 1891 1252 1940 conditi?

566 1964 809 2011 Parumne
833 1966 1014 2022 eampis
1029 1968 1176 2021 atque
1196 1964 1430 2020 Neptuno
1450 1978 1596 2018 super

621 2037 784 2084 fusum
804 2039 879 2085 est
900 2038 1065 2085 Latini
1086 2037 1351 2096 sanguinis,

566 2125 678 2166 non,
699 2112 755 2156 ut
777 2111 1006 2167 superbas
1026 2111 1218 2158 invidae
1241 2109 1558 2167 Carthaginis

622 2182 868 2231 Romanus
889 2200 1022 2232 arces
1042 2185 1221 2242 ureret,

562 2256 776 2303 intactus
796 2258 883 2303 aut
902 2258 1172 2304 Britannus
1192 2259 1249 2303 ut
1270 2258 1580 2305 descenderet

620 2329 771 2377 Sacra
791 2331 1046 2378 catenatus
1067 2330 1163 2389 via,

562 2403 645 2450 sed
664 2405 721 2449 ut
741 2402 1003 2450 seeundum
1022 2405 1141 2450 vota
1158 2403 1456 2451 Parthorum
1478 2420 1565 2451 sua

618 2476 734 2521 urbs
754 2473 872 2521 haee
892 2474 1072 2530 periret
1092 2476 1324 2524 dextera?

548 2550 564 2596 [
584 2549 684 2596 146]
