2109 2975
986 184 1208 226 HORATI

420 282 509 328 aut
528 296 700 337 operae
720 281 887 330 celeris
908 281 1110 329 nimium
1131 297 1340 338 curaque
1360 281 1570 330 carentis

421 356 508 402 aut
526 355 778 413 ignoratae
798 355 976 411 premit
995 356 1116 403 artis
1137 356 1337 405 crimine
1356 355 1507 412 turpi.

420 429 533 476 Non
552 429 707 485 quivis
726 429 858 477 videt
877 429 1196 478 immodulata
1214 431 1439 485 poemata
1456 429 1618 485 iudex,

420 504 471 549 et
491 502 607 549 data
625 502 859 549 Romanis
880 502 1022 551 venia.
1040 505 1115 551 est
1137 502 1336 560 indigna.
1356 503 1524 558 poetis.

313 574 395 629 265
420 575 667 624 Idcircone
685 591 837 633 vager
857 576 1158 633 scribamque
1179 576 1414 624 licenter?
1440 590 1504 623 an
1523 590 1688 624 omnes

419 649 607 697 visuros
626 652 828 706 peccata
847 652 1015 706 putem
1037 666 1161 707 mea,
1183 643 1324 697 tutus
1344 651 1395 696 et
1414 648 1549 696 intra

419 737 552 778 spem
571 722 739 771 veniae
759 725 968 771 cautus?
1024 723 1194 771 Vitavi
1213 722 1416 778 denique
1436 722 1647 779 culpam,

417 809 514 842 non
533 794 726 844 laudem
746 796 916 844 merui.
979 796 1078 844 Vos
1098 795 1395 852 exemplaria.
1415 796 1605 844 Graeca

417 870 660 917 nocturna
678 872 870 919 versate
894 885 1060 927 manu,
1082 871 1276 918 versate
1298 868 1487 917 diurna..

312 956 395 998 270
417 943 489 989 At
507 943 659 991 vestri
678 943 847 999 proavi
867 943 1124 991 Plautinos
1145 945 1195 991 et
1214 958 1439 991 numeros
1459 944 1510 990 et

415 1015 675 1065 laudavere
695 1018 848 1065 sales:
876 1017 1081 1065 nimium
1101 1016 1347 1073 patienter
1360 1017 1620 1072 utrumque

415 1104 476 1136 ne
496 1089 652 1138 dicam
675 1090 825 1138 stulte
846 1089 1027 1146 mirati,
1050 1089 1092 1136 si
1112 1090 1252 1137 modo
1271 1104 1360 1146 ego
1379 1090 1429 1137 et
1447 1104 1532 1137 vos

418 1161 595 1210 scimus
614 1163 908 1210 inurbanum
928 1162 1088 1219 lepido
1108 1177 1338 1218 seponere
1359 1161 1490 1209 dicto

416 1235 782 1293 legitimumque
802 1251 973 1284 sonum
993 1235 1161 1290 digitis
1183 1235 1413 1282 callemus
1433 1235 1485 1281 et
1504 1249 1636 1282 aure.

310 1317 393 1365 275
416 1309 649 1366 Ignotum
668 1310 882 1367 trag-icae
901 1323 1055 1366 genus
1076 1307 1315 1355 invenisse
1335 1308 1575 1355 Camenae

417 1382 597 1431 dicitur
614 1386 664 1431 et
684 1382 915 1439 plaustris
934 1381 1120 1429 vexisse
1141 1382 1368 1436 poemata
1387 1379 1608 1436 Thespis,

417 1472 539 1513 quae
560 1457 789 1505 canerent
809 1455 1105 1512 agerentque
1126 1453 1351 1511 peruncti
1369 1453 1586 1501 faecibus
1599 1468 1700 1501 ora.

416 1531 535 1579 Post
555 1531 685 1579 hunc
705 1544 935 1586 personae
950 1528 1203 1584 pallaeque
1223 1529 1447 1584 repertor
1466 1527 1695 1575 honestae

415 1604 682 1660 Aeschylus
702 1603 753 1650 et
773 1602 971 1651 modicis
991 1601 1221 1649 instravit
1242 1600 1432 1658 pulpita
1450 1601 1602 1658 tignis

310 1684 395 1727 280
416 1679 465 1724 et
485 1677 649 1725 docuit
668 1690 995 1733 magnumque
1013 1674 1148 1730 loqui
1166 1674 1353 1730 nitique
1374 1674 1628 1722 cothurno.

417 1750 657 1798 Successit
676 1750 817 1796 vetus
833 1748 908 1796 his
928 1748 1189 1805 comoedia,
1210 1763 1309 1795 non
1329 1747 1430 1795 sine
1450 1746 1609 1794 multa.

415 1821 557 1869 laude
575 1840 588 1878 3
618 1821 701 1868 sed
719 1820 770 1867 in
789 1821 962 1868 vitium
982 1821 1185 1868 libertas
1204 1820 1381 1869 excidit
1400 1821 1452 1868 et
1469 1819 1569 1866 vim

414 1895 612 1952 dignam
631 1894 736 1952 lege
757 1894 889 1951 regi3
922 1894 1001 1942 lex
1019 1896 1096 1942 est
1118 1894 1321 1950 accepta
1341 1892 1610 1949 chorusque

414 1964 627 2020 turpiter
645 1964 850 2012 obticuit
873 1963 1066 2011 sublato
1084 1964 1190 2011 iure
1211 1963 1428 2011 nocendi.

308 2043 391 2096 285
415 2036 500 2084 Nil
518 2037 866 2094 intemptatum
886 2037 1041 2086 nostri
1061 2036 1245 2093 liquere
1265 2037 1453 2092 poetae,

414 2127 502 2159 nec
523 2111 776 2158 minimum
795 2125 1015 2160 meruere
1033 2111 1180 2159 decus
1198 2109 1406 2166 vestigia
1425 2109 1616 2157 Graeca

415 2184 520 2232 ausi
540 2185 757 2233 deserere
777 2187 827 2232 et
850 2184 1094 2233 celebrare
1115 2182 1378 2231 domestica
1397 2181 1549 2239 facta,

414 2257 491 2305 vel
512 2257 594 2314 qui
613 2259 894 2314 praetextas
913 2257 991 2305 vel
1011 2256 1095 2312 qui
1115 2257 1317 2304 docuere
1335 2256 1548 2313 togatas.

414 2332 518 2379 Nec
537 2331 721 2378 virtute
740 2331 870 2378 foret
890 2330 1094 2377 clarisve
1115 2328 1362 2385 potentius
1382 2326 1530 2375 armis

306 2423 391 2464 290
414 2419 559 2460 quam
578 2404 746 2461 lingua
765 2402 981 2459 Latium,
1003 2401 1043 2449 si
1065 2416 1160 2449 non
1181 2402 1446 2449 offenderet
1464 2413 1617 2446 unum

413 2493 648 2534 quemque
669 2477 923 2532 poetarum
943 2474 1087 2522 limae
1107 2473 1244 2523 labor
1262 2475 1313 2522 et
1333 2488 1484 2521 mora..
1543 2471 1663 2528 VoS,
1681 2483 1715 2518 ο

509 2549 647 2598 [300]
