2109 2975
691 197 1104 240 EPISTULARUM
1138 198 1172 239 Ι.
1198 206 1270 238 xix

302 297 401 347 dux
420 299 558 356 reget
577 312 797 346 examen.
858 296 1027 345 Parios
1046 310 1139 353 ego
1157 296 1343 352 primus
1362 294 1545 343 iambos

302 372 490 420 ostendi
510 372 667 430 Latio,
688 386 918 421 numeros
930 366 1218 428 'animosque
1238 373 1432 418 secutus

220 453 278 500 25
303 445 597 503 Archilochi,
619 460 717 494 non
737 460 814 494 res
833 447 885 494 et
904 444 1102 502 agentia
1122 443 1271 492 verba
1289 444 1580 504 Lycamben.

302 517 377 565 Ac
395 533 457 566 ne
476 533 553 566 me
573 517 699 566 foliis
720 517 827 566 ideo
845 516 1147 566 brevioribus
1167 531 1308 565 ornes

301 590 429 647 quod
447 591 590 639 timui
611 593 803 642 mutare
823 590 989 639 modos
1009 591 1060 638 et
1081 589 1308 638 carminis
1329 589 1505 647 artem,

300 664 545 720 temperat
556 663 835 712 Archilochi
850 663 1047 712 Musam
1069 664 1190 720 pede
1205 664 1422 711 mascula
1442 663 1655 720 Sappho,

300 738 544 795 temperat
563 737 790 795 AlcaeuS‚
813 738 896 785 sed
915 737 1062 785 rebus
1081 739 1132 785 et
1151 736 1319 785 ordine
1340 738 1523 794 dispar,

220 828 279 872 30
301 826 391 859 nec
410 826 631 859 socerum
651 811 843 867 quaerit
863 826 1006 867 quem
1025 802 1246 859 versibus
1267 811 1457 858 oblinat
1474 811 1611 867 atri&

300 900 389 932 nec
410 900 612 941 sponsae
631 885 856 941 laqueum
876 877 1063 931 famoso
1083 884 1295 931 carmine
1313 883 1486 932 nectit.

299 958 450 1005 Hunc
470 972 575 1022 ego,
595 972 694 1005 non
714 956 810 1005 alio
829 958 1015 1005 dictum
1035 957 1169 1014 prius
1190 971 1289 1013 ore,
1311 957 1517 1004 Latinus

296 1031 497 1089 vulgavi
516 1031 688 1079 fidicen
706 1051 717 1087 ;
747 1031 885 1078 iuvat
903 1031 1243 1078 immemorata
1260 1029 1499 1077 ferentem

297 1104 522 1161 ingenuis
540 1103 785 1160 oculisque
804 1104 901 1160 legi
922 1102 1239 1158 manibusque
1257 1101 1429 1149 teneri.

216 1181 274 1230 35
299 1177 433 1224 Scire
452 1176 571 1223 velis
590 1191 700 1224 mea
722 1191 811 1224 cur
830 1176 1054 1233 ingratus
1074 1174 1308 1231 opuscula
1328 1173 1482 1223 lector

298 1249 466 1297 laudet
484 1251 710 1306 ametque
730 1248 877 1305 domi,
900 1249 1091 1305 premat
1103 1249 1244 1296 extra
1263 1246 1409 1296 limen
1429 1247 1653 1304 iniquus:

297 1338 396 1370 non
418 1337 509 1379 ego
526 1325 755 1371 ventosae
777 1322 928 1378 plebis
951 1321 1187 1377 suffragia
1206 1335 1358 1369 venor

297 1396 527 1453 impensis
547 1411 776 1444 cenarum
797 1397 848 1443 et
868 1395 1017 1443 tritae
1038 1409 1239 1441 munere
1259 1394 1409 1441 vestis
1426 1412 1438 1450 ;

297 1484 396 1518 non
415 1484 521 1528 egO,
540 1468 773 1518 nobilium
794 1468 1088 1525 scriptorum
1112 1468 1304 1516 auditor
1322 1470 1372 1516 et
1392 1467 1541 1526 ultor,

215 1558 276 1602 40
297 1543 642 1601 grammaticas
662 1543 844 1591 ambire
863 1542 1020 1590 tribus
1040 1543 1093 1590 et
1112 1542 1303 1598 pulpita
1323 1541 1523 1598 dignor:

297 1616 413 1665 hinc
432 1615 544 1664 illae
560 1615 804 1665 lacrimae.
867 1616 879 1637 ‘
899 1615 1077 1672 Spissis
1096 1615 1297 1672 indigna
1315 1614 1525 1662 theatris

298 1690 484 1746 scripta
502 1689 653 1746 pudet
669 1689 877 1738 recitare
899 1692 950 1737 et
969 1688 1113 1746 nugis
1133 1688 1311 1736 addere
1331 1687 1553 1745 pondus,’

299 1763 340 1811 si
359 1762 487 1811 dixi:
517 1762 529 1784 ‘
544 1754 726 1819 Rides:
750 1762 838 1819 ait,
862 1762 873 1783 ‘
894 1767 944 1809 et
965 1761 1093 1809 Iovis
1114 1761 1311 1808 auribus
1330 1760 1427 1808 ista

300 1851 467 1884 servas
484 1855 496 1893 ;
524 1836 633 1883 fidis
653 1835 781 1884 enim
801 1851 1001 1883 manare
1021 1836 1212 1892 poetica
1230 1834 1377 1882 mella

216 1919 274 1966 45
298 1911 350 1958 te
370 1907 542 1966 solum,
565 1908 655 1956 tibi
674 1908 908 1966 pulcher?
969 1908 1050 1956 Ad
1068 1908 1187 1955 haec
1208 1922 1297 1964 ego
1316 1907 1515 1955 naribus
1536 1907 1610 1954 uti

298 1981 523 2039 formido,
543 1984 594 2029 et
614 1981 847 2030 luctantis
867 1983 1014 2029 acuto
1033 1996 1094 2028 ne
1116 1995 1248 2029 secer
1267 1981 1438 2037 ungui,

300 2056 313 2079 ‘
330 2054 551 2113 displicet
571 2056 663 2103 iste
683 2055 849 2112 locuS‚’
873 2054 1045 2112 clamo,
1068 2057 1118 2102 et
1138 2054 1323 2102 diludia
1341 2069 1499 2111 posco.

299 2127 469 2177 Ludus
487 2129 616 2177 enim
633 2128 806 2186 genuit
825 2126 1073 2185 trepidum
1093 2130 1336 2175 certamen
1358 2130 1409 2175 et
1428 2127 1568 2183 iram,

300 2202 374 2249 ira
391 2207 555 2249 truces
575 2200 850 2250 inimicitias
870 2201 920 2249 et
939 2199 1143 2248 funebre
1162 2199 1359 2248 bellum.

403 2559 543 2610 [27¹1
