2109 2975
1003 211 1227 256 HORATI

438 311 479 358 si
506 313 743 368 quantum
770 326 1012 369 cuperem,
1043 326 1233 369 possem
1274 326 1490 367 quoque:
1523 311 1609 359 sed
1644 325 1798 368 neque

555 400 760 442 parvum

439 474 634 506 carmen
653 459 881 507 maiestas
903 457 1077 516 recipit
1097 459 1202 516 tua,
1225 472 1314 506 nec
1335 471 1471 505 meus
1491 457 1640 505 audet

434 547 539 581 rem
558 534 798 588 temptare
818 533 973 589 pudor
991 548 1136 590 quam
1156 531 1281 579 vires
1297 532 1425 579 ferre
1443 535 1683 580 recusent.

331 607 415 651 260
439 605 683 653 Sedulitas
703 608 868 654 autem
891 606 1038 654 stulte
1060 621 1201 662 quem
1223 605 1385 663 diligit
1405 606 1569 664 urget,

438 678 696 735 praecipue
716 694 828 727 cum
848 695 899 727 se
919 680 1134 727 numeris
1155 679 1464 727 commendat
1484 679 1536 726 et
1555 679 1696 726 arte:

435 750 577 800 discit
596 752 724 800 enim
746 753 887 800 citius
908 752 1220 809 meminitque
1240 752 1469 799 libentius
1489 750 1610 799 illud

435 824 563 881 quod
581 824 688 882 quis
708 826 913 884 deridet,
935 841 1081 883 quam
1101 826 1226 883 quod
1246 826 1421 882 probat
1440 821 1491 873 et
1511 828 1791 875 veneratur.

435 898 521 946 Nil
541 912 701 947 moror
719 899 925 947 officium
946 899 1074 957 quod
1093 913 1170 947 me
1188 902 1383 957 gravat,
1405 914 1464 948 ac
1484 914 1638 956 neque
1661 900 1778 948 ficto

327 976 411 1030 265
434 970 484 1018 in
505 970 640 1028 peius
661 972 803 1020 vultu
823 971 1025 1030 proponi
1045 986 1211 1021 cereus
1232 988 1455 1030 usquam,

434 1059 522 1093 nec
541 1060 689 1102 prave
710 1046 855 1094 factis
875 1045 1095 1095 decorari
1115 1046 1333 1095 versibus
1354 1048 1489 1103 opto,

433 1132 495 1166 ne
514 1118 714 1167 rubeam
736 1120 905 1176 pingui
925 1120 1135 1168 donatus
1156 1135 1375 1177 munere,
1394 1122 1451 1168 et
1467 1135 1566 1167 una

433 1206 544 1240 cum
564 1192 803 1248 scriptore
821 1208 946 1250 meo,
968 1208 1117 1249 capsa
1135 1197 1390 1250 porrectus
1409 1196 1597 1251 operta,

433 1264 628 1313 deferar
640 1265 691 1313 in
712 1266 872 1313 vicum
892 1266 1184 1314 vendentem
1204 1269 1287 1313 tus
1307 1269 1358 1315 et
1376 1267 1547 1315 odores

327 1351 411 1393 270
434 1341 485 1386 et
505 1339 645 1397 piper
665 1343 716 1388 et
739 1339 965 1398 quicquid
984 1339 1167 1388 chartis
1188 1340 1417 1389 amicitur
1436 1339 1630 1398 ineptis.

1090 1528 1144 1576 11

431 1633 636 1690 monn,
657 1632 782 1681 bono
801 1632 1026 1691 claroque
1047 1633 1201 1682 fidelis
1221 1633 1375 1682 amice
1393 1634 1595 1692 Neroni,

433 1707 473 1752 si
493 1705 599 1762 quis
619 1706 746 1754 forte
762 1706 880 1754 velit
901 1722 1106 1763 puerum
1119 1706 1210 1754 tibi
1230 1708 1438 1755 vendere
1457 1709 1629 1755 natum

431 1778 612 1827 Tibure
630 1778 707 1827 vel
728 1779 911 1837 Gabiis,
932 1782 983 1828 et
1004 1782 1167 1827 tecum
1189 1780 1257 1828 sic
1276 1782 1392 1836 agat
1413 1799 1425 1827 e
1453 1781 1467 1802 ‘
1490 1780 1587 1829 Hic
1606 1781 1657 1828 et

430 1852 663 1900 candidus
684 1854 734 1901 et
750 1854 874 1900 talos
895 1869 925 1901 a
944 1853 1127 1901 vertice
1148 1853 1352 1909 pulcher
1370 1855 1432 1900 ad
1453 1854 1572 1902 imos

380 1932 406 1977 5
430 1925 513 1973 fiet
534 1926 721 1981 eritque
739 1927 855 1974 tuus
875 1940 1188 1973 nummorum
1208 1926 1401 1974 milibus
1421 1929 1545 1984 octo,

431 2014 581 2046 verna
606 1998 885 2046 ministeriis
906 2000 970 2047 ad
988 2002 1141 2047 nutus
1161 2001 1309 2055 aptus
1328 1999 1487 2056 eriles,

428 2070 659 2120 litterulis
681 2072 879 2121 Graecis
901 2073 1137 2131 imbutae,
1158 2073 1359 2121 idoneus
1379 2073 1478 2120 arti

430 2145 623 2193 cuilibet
642 2166 654 2202 ;
686 2146 860 2204 argilla
880 2147 1070 2204 quidvis
1090 2146 1356 2195 imitaberis
1377 2146 1505 2203 uda3

428 2218 545 2275 quin
565 2219 713 2268 etiam
735 2222 876 2268 canet
896 2221 1145 2269 indoctum
1167 2220 1251 2268 sed
1271 2219 1409 2268 dulce
1427 2218 1613 2267 bibenti
1634 2240 1645 2267 ε

355 2304 407 2334 10
429 2292 588 2340 multa
606 2294 750 2342 fidem
773 2295 1012 2350 promissa
1032 2293 1216 2350 levant,
1237 2293 1322 2340 ubi
1341 2292 1532 2350 plenius
1553 2307 1710 2349 aequo

430 2365 599 2414 laudat
619 2366 814 2415 venales
835 2367 917 2423 qui
936 2366 1043 2414 vult
1064 2366 1321 2415 extrudere
1343 2381 1525 2415 merces
1545 2387 1558 2414 ε

427 2456 506 2487 res
526 2441 669 2497 urget
690 2456 766 2488 me
788 2439 946 2496 nulla3
976 2454 1083 2488 meo
1102 2455 1209 2487 sum
1230 2456 1418 2498 pauper
1435 2441 1487 2488 in
1508 2455 1619 2489 aere
1639 2460 1651 2488 z

970 2533 1032 2566 2oe
1072 2531 1207 2572 aperta

526 2587 670 2634 [282]
