2109 2975
995 188 1217 229 HORA'PI

425 288 666 336 novistine
685 287 844 337 locum
865 286 1101 343 potiorem
1120 302 1233 339 rure
1252 286 1431 336 beato?

350 365 402 409 15
428 362 521 412 Est
541 362 624 410 ubi
642 362 751 419 plus
770 363 972 419 tepeant
990 360 1189 419 hiemes,
1210 361 1295 407 ubi
1313 361 1500 419 gratior
1519 378 1642 410 aura

424 436 576 484 leniat
595 437 646 484 et
665 435 849 484 rabiem
870 436 1017 485 Oanis
1035 437 1086 482 et
1106 437 1354 483 ino'me'nta
1371 436 1567 493 Leonis,

426 526 537 559 cum
556 509 705 558 semel
724 511 916 566 accepit
937 509 1099 560 Solem
1119 509 1414 560 furibundus
1434 512 1668 559 acutum?

426 586 518 634 Est
536 584 622 632 ubi
640 585 841 633 divellat
860 600 1051 633 somnos
1072 585 1233 632 minus
1251 583 1417 634 invida
1434 587 1583 633 cura?

426 659 653 708 Deterius
674 659 869 717 Libycis
888 660 987 708 olet
1006 660 1096 707 aut
1116 658 1242 706 nitet
1261 657 1413 706 herba
1429 657 1642 715 lapillis?

348 738 405 769 20
427 732 602 780 Purior
620 732 809 781 11111018
827 748 955 790 aqua
972 732 1134 781 tendit
1152 747 1378 789 rumpere
1396 732 1649 789 plumbum

426 821 572 862 quam
606 821 729 863 quae
765 822 854 864 per
891 821 1101 863 pronum
1138 806 1357 862 trepidat
1388 820 1500 854 cum
1530 820 1780 853 murmure

536 879 697 930 rivum
711 882 731 927 Ρ
928 926 931 928 Α

424 953 613 1011 Nempe
630 954 762 1001 inter
780 953 941 1013 varias
960 952 1184 1001 nutritur
1203 952 1326 1002 silva
1344 952 1608 1008 columnas,

425 1026 749 1084 laudaturque
768 1026 939 1074 domus
959 1026 1131 1086 longos
1150 1041 1273 1081 quae
1293 1024 1525 1085 prospicit
1539 1031 1701 1081 agros.

425 1095 671 1145 Naturam
691 1094 902 1153 expelles
922 1094 1066 1143 furca
1085 1096 1252 1143 tamen
1271 1109 1422 1152 usque
1441 1095 1680 1149 recurret,

347 1180 404 1227 25
425 1171 477 1217 et
497 1170 626 1219 mala
644 1170 928 1227 perrumpet
947 1168 1124 1216 furtim
1144 1167 1347 1216 fastidia
1364 1166 1558 1215 victrix·
1671 1177 1673 1179 ’

423 1242 538 1291 Νο11
557 1243 640 1300 qui
660 1241 858 1290 Sidonio
876 1242 1172 1290 contendere
1196 1241 1402 1289 callidus
1421 1242 1555 1289 ostro

424 1317 581 1370 nescit
601 1316 898 1373 Aquinatem
919 1315 1146 1372 potantia
1163 1314 1346 1363 vellera
1364 1315 1534 1362 fucum

426 1390 606 1439 certius
625 1389 832 1447 accipiet
851 1389 1087 1437 damnum
1108 1389 1401 1446 propiusque
1421 1386 1659 1445 medullis,

425 1479 570 1522 quam
590 1463 673 1521 qui
691 1479 789 1512 11011
808 1463 992 1521 poterit
1011 1477 1130 1511 vero
1148 1462 1446 1520 distinguere
1464 1460 1662 1510 falsum.

348 1552 405 1596 30
427 1540 579 1599 Quem
600 1554 678 1587 res
698 1539 807 1595 plus
825 1538 975 1586 nimio
994 1537 1300 1585 delectavere
1321 1537 1576 1593 secundae,

426 1615 645 1661 mutatae
665 1611 906 1668 quatient.
966 1611 1019 1659 Si
1038 1610 1155 1667 quid
1173 1610 1412 1658 mirabere
1432 1624 1581 1666 pones

425 1687 625 1735 invitus.
685 1685 825 1742 Fuge
845 1700 1054 1741 magna:
1084 1684 1199 1733 licet
1219 1683 1310 1731 sub
1330 1692 1544 1741 paupere
1563 1685 1696 1731 tecto
1792 1708 1800 1735 .-

424 1775 564 1818 reges
582 1761 632 1807 et
650 1773 823 1814 reg-um
842 1758 946 1806 vita
964 1773 1280 1814 praecurrere
1298 1757 1493 1805 amieos,
1552 1764 1555 1767 ‘

428 1834 612 1882 Cervus
632 1848 809 1889 equum
829 1847 998 1890 pugna
1014 1831 1185 1879 melior
1204 1830 1538 1878 communibus
1558 1829 1721 1878 herbis

350 1917 406 1964 35
428 1907 657 1964 pellebat,
678 1906 831 1954 donec
850 1905 1009 1952 minor
1026 1905 1082 1953 111
1100 1903 1362 1953 certamine
1380 1902 1525 1960 longo

427 1978 705 2037 imploravit
724 1994 837 2035 opes
856 1978 1066 2026 hominis
1084 1978 1372 2032 frenumque
1391 1976 1575 2033 recepit
1594 1995 1606 2032 ς

428 2054 512 2101 sed
529 2054 788 2110 postquam
806 2052 966 2100 victor
983 2050 1168 2098 violens
1185 2049 1406 2098 discessit
1425 2050 1488 2098 ab
1506 2049 1647 2097 hoste

428 2142 524 2175 non
543 2126 753 2184 equitem
773 2126 932 2182 dorso,
952 2140 1052 2172 non
1070 2124 1268 2171 frenum
1289 2123 1478 2181 depulit
1497 2138 1599 2171 ore.

430 2201 510 2250 Sic
529 2199 611 2257 qui
629 2199 909 2257 pauperiem
929 2198 1116 2245 veritus
1136 2196 1322 2254 potiore
1340 2197 1551 2245 metallis
1637 2212 1655 2241 .-

351 2289 409 2330 4ο
428 2274 655 2321 libertate
674 2274 825 2330 caret,
846 2271 1094 2319 dominum
1112 2270 1246 2318 vehit
1263 2269 1511 2327 improbus
1530 2273 1677 2327 atque

430 2348 607 2396 serviet
627 2348 896 2402 aeternum,
918 2343 1034 2400 quia
1050 2359 1202 2400 parvo
1221 2343 1402 2392 nesciet
1420 2344 1512 2391 uti.

431 2421 522 2468 Cui
541 2435 638 2467 non
657 2417 909 2474 conveniet
929 2432 1021 2463 sua
1036 2431 1132 2471 res,
1153 2418 1212 2463 ut
1231 2416 1419 2465 calceus
1437 2418 1569 2474 olim,

678 2493 685 2499 '
792 2507 833 2542 37
872 2505 978 2541 victo
992 2504 1139 2548 ridens,
1153 2504 1250 2542 cone.
1267 2505 1407 2549 Haupt

526 2567 663 2616 [25⁴]
