2109 2975
1018 208 1239 249 HORATI

454 309 611 366 Carpe
630 308 775 365 viam,
797 307 1091 364 mihicrede,
1115 322 1275 355 comes
1295 326 1307 363 ς
1339 305 1597 354 terrestria
1615 304 1811 362 quando

453 383 680 431 mortales
700 382 885 429 animas
905 382 1078 429 vivunt
1099 381 1290 437 sortita,
1312 395 1467 436 neque
1487 379 1589 427 ulla
1607 380 1682 427 est

370 467 427 516 95
452 460 539 505 aut
561 470 736 513 macno
756 457 844 502 aut
862 469 1015 512 parvo
1034 453 1293 511 letiafuga:
1323 468 1433 512 quo,
1453 453 1593 510 bone,
1616 447 1761 510 circa,

452 531 567 578 dum
588 529 702 577 licet
721 529 770 576 in
790 529 934 577 rebus
953 528 1176 577 iucundis
1195 528 1303 575 vive
1323 526 1493 574 beatus
1513 546 1525 583 ;

451 604 559 652 vive
578 618 761 651 memor
780 617 925 659 quam
943 603 1008 650 sis
1028 602 1135 650 aevi
1153 601 1366 649 breviS.’'
1428 602 1565 649 Haec
1576 599 1659 647 ubi
1678 601 1815 648 dicta

452 679 695 735 agrestem
715 676 959 734 pepulere,
982 677 1125 724 domo
1143 674 1262 723 levis
1283 674 1469 731 exsilit3
1500 674 1612 722 inde

454 751 595 798 ambo
615 750 920 808 propositum
940 749 1184 806 peragunt
1201 748 1313 806 iter,
1334 747 1469 795 urbis
1490 749 1687 795 aventes

349 839 432 870 100
455 824 645 873 moenia
663 823 892 872 nocturni
911 823 1187 879 subrepere.
1247 821 1448 878 Iamque
1467 820 1668 868 tenebat

453 912 549 945 nox
569 897 781 945 medium
801 895 923 944 caeli
942 894 1173 952 spatium,
1195 909 1305 942 cum
1326 893 1463 950 ponit
1482 895 1688 949 uterque

451 971 505 1019 in
523 969 763 1026 locuplete
784 970 926 1017 domo
944 967 1169 1027 vestigia,
1190 967 1339 1015 rubro
1356 966 1441 1014 ubi
1460 980 1601 1014 cocco

453 1044 613 1092 tincta
631 1058 777 1100 super
795 1042 948 1090 lectos
968 1041 1200 1090 canderet
1219 1040 1369 1087 vestis
1388 1039 1613 1096 eburnos,

455 1117 704 1173 multaque
725 1116 785 1163 de
805 1129 988 1172 magna
1006 1115 1318 1170 superessent
1337 1112 1527 1161 fercula
1545 1127 1681 1169 cena,

350 1201 431 1249 105
456 1205 578 1247 quae
597 1187 767 1245 procul
785 1186 1051 1235 exstructis
1070 1185 1267 1233 inerant
1284 1185 1513 1234 hesterna
1531 1184 1775 1233 canistris.

455 1263 591 1318 Ergo
608 1261 692 1309 ubi
710 1274 957 1318 purpurea
974 1259 1252 1316 porrectum
1270 1257 1324 1306 in
1342 1260 1477 1307 veste
1494 1257 1672 1306 locavit

456 1337 714 1394 agrestem,
736 1332 891 1382 veluti
910 1332 1190 1380 succinctus
1210 1331 1420 1380 cursitat
1439 1333 1612 1394 hospes

456 1411 801 1465 continuatque
821 1409 971 1464 dapes
989 1422 1080 1456 nec
1099 1422 1196 1454 non
1216 1406 1469 1454 verniliter
1483 1406 1601 1463 ipsis

455 1480 683 1537 fungitur
701 1477 883 1535 officiis,
906 1477 1242 1535 praelambens
1261 1492 1403 1525 omne
1425 1476 1552 1534 quod
1570 1475 1733 1524 affert.

354 1574 435 1604 110
458 1553 548 1601 Ille
569 1553 749 1601 cubans
768 1552 953 1611 gaudet
972 1552 1167 1599 mutata
1187 1551 1316 1598 sorte
1335 1550 1568 1608 bonisque

457 1626 601 1674 rebus
621 1626 726 1683 agit
743 1625 929 1673 laetum
950 1623 1221 1681 convivam,
1242 1639 1353 1672 cum
1375 1624 1536 1672 subito
1554 1624 1724 1681 ingens

456 1700 713 1746 valvarum
732 1698 965 1754 strepitus
986 1697 1125 1744 lectis
1144 1697 1356 1744 excussit
1374 1699 1653 1753 utrumque.

459 1772 671 1819 Currere
690 1786 777 1827 per
795 1771 956 1816 totum
974 1769 1402 1827 pavidiconclave,
1424 1770 1671 1827 magisque

458 1844 702 1893 exanimes
721 1842 967 1898 trepidare
988 1841 1133 1890 simul
1151 1843 1324 1890 domus
1343 1843 1448 1890 alta
1467 1842 1689 1890 Molossis

356 1934 435 1980 115
459 1917 709 1976 personuit
717 1915 933 1964 canibus.
977 1916 1104 1963 Tam
1112 1916 1353 1964 rusticus:
1383 1915 1415 1939 “
1428 1916 1578 1962 Haud
1586 1915 1817 1962 mihivita

459 1994 533 2040 est
552 2006 673 2047 opus
691 1989 817 2046 hac‚’
829 1989 840 2009 ’
865 1989 953 2045 ait,
977 1989 1007 2011 “
1026 1992 1078 2037 et
1097 1990 1259 2037 valeas
1276 2008 1288 2044 ;
1317 2003 1394 2036 me
1414 1988 1536 2036 silva
1555 2003 1796 2044 carusque

457 2066 598 2112 tutus
618 2063 680 2110 ab
693 2062 879 2111 insidiis
896 2063 1036 2111 tenui
1055 2062 1292 2111 solabitur
1310 2062 1476 2110 ervo.”
1499 2062 1509 2083 '

1091 2250 1197 2299 VII

463 2359 476 2383 ‘
491 2359 815 2408 IAMDUDUM
835 2335 1056 2405 ausculto
1077 2356 1127 2402 et
1147 2354 1344 2411 cupiens
1363 2354 1456 2402 tibi
1475 2354 1634 2403 dicere
1648 2366 1816 2402 servus

462 2447 619 2489 pauca
630 2429 926 2479 reformido)
958 2429 1224 2476 Davusne?
1254 2427 1268 2452 ‘
1284 2428 1383 2485 Ita,
1400 2428 1589 2485 Davus,
1605 2427 1818 2476 amicum

464 2500 756 2556 mancipium
776 2496 969 2545 domino
986 2497 1038 2542 et
1057 2495 1194 2554 frugi
1212 2488 1343 2553 huod
1361 2496 1426 2545 sit
1445 2496 1582 2555 satis,
1602 2494 1694 2544 hoc
1712 2495 1789 2543 est

561 2574 577 2620 [
594 2574 665 2612 228
684 2573 701 2619 ]
