2109 2975
906 183 968 223 IN
974 183 1092 223 DEX

297 268 398 317 Iuli
421 264 585 323 Flore,
609 267 793 324 quibus
846 307 1223 316 ...........................
1247 310 1250 314 .
1260 309 1416 315 ........
1437 269 1581 325 ΕΜ).
1610 269 1641 316 i.
1669 287 1697 328 3

297 336 497 385 Iustum
517 341 569 385 et
590 345 815 385 tenacem
846 376 1443 384 ...........................................
1448 337 1504 386 G.
1529 335 1599 383 iii.
1623 354 1651 396 3

298 471 605 520 Laudabunt
628 472 714 520 alii
731 511 1446 521 ....................................................
1451 472 1507 521 O.
1532 471 1563 519 i.
1588 489 1617 529 7

299 539 459 595 Lupis
477 544 529 587 et
549 539 693 596 agnis
736 578 1447 589 ....................................................
1452 539 1511 588 Ε.
1535 558 1564 596 4

300 606 476 663 Lydia,
503 607 596 664 dic,
623 623 713 664 per
731 624 904 657 omnes
956 647 1447 657 ....................................
1452 608 1507 657 G.
1532 607 1564 656 i.
1589 613 1616 654 8

301 743 571 791 Maecenas
588 743 754 792 atavis
794 783 1448 792 ................................................
1453 743 1510 792 O.
1535 743 1566 791 i.
1595 762 1615 791 1

302 811 445 858 Mala
462 811 628 859 soluta
682 849 1448 861 ........................................................
1454 812 1513 859 Ε.
1540 829 1593 859 10

301 877 509 926 Martiis
527 879 721 928 caelebs
738 919 1447 928 ....................................................
1453 881 1508 929 G.
1534 878 1603 927 iii.
1629 885 1655 926 8

302 946 474 994 Mater
492 962 642 995 saeva
662 946 974 1004 Cupidinum
1016 987 1450 994 ................................
1455 948 1511 996 G.
1537 947 1567 995 i.
1596 965 1648 1006 19

303 1014 539 1068 Mercuri,
564 1016 778 1063 facunde
796 1054 1451 1063 ................................................
1456 1016 1512 1064 G.
1536 1015 1568 1064 i.
1597 1032 1650 1063 10

303 1082 719 1137 Mercuri‚—nam
740 1088 792 1130 te
795 1122 1450 1132 ................................................
1455 1083 1511 1132 O.
1535 1082 1605 1130 iii.
1634 1101 1681 1129 11

304 1149 607 1198 Miserarum
627 1156 704 1198 eet
740 1190 1451 1199 ....................................................
1456 1151 1512 1200 C.
1535 1149 1606 1199 iii.
1635 1168 1685 1198 12

305 1216 479 1265 Mollis
498 1216 683 1266 inertia
686 1257 1451 1267 ........................................................
1457 1218 1515 1266 Ε.
1541 1235 1593 1275 14

304 1283 563 1333 Montium
583 1291 750 1334 custos
798 1326 1452 1333 ................................................
1458 1286 1513 1334 C.
1538 1285 1608 1334 iii.
1633 1302 1687 1332 22

305 1354 510 1401 Motum
528 1368 590 1401 ex
611 1354 822 1402 Metello
854 1393 1454 1402 ............................................
1460 1353 1515 1401 C.
1541 1353 1591 1401 ii.
1619 1371 1638 1399 1

306 1420 471 1470 Musis
495 1420 684 1471 amicus
689 1460 1454 1471 ........................................................
1460 1421 1516 1470 C.
1540 1420 1572 1469 i.
1596 1425 1653 1469 26

307 1557 460 1606 Natis
479 1557 533 1606 in
552 1575 696 1607 usum
745 1598 1456 1607 ...................................................
1460 1558 1516 1607 C.
1540 1557 1572 1605 i.
1596 1574 1653 1615 27

307 1627 388 1674 Ne
408 1628 540 1675 forte
559 1627 732 1676 credas
747 1665 1457 1675 ...................................................
1462 1626 1517 1675 C.
1542 1625 1607 1673 iv.
1631 1643 1660 1685 9

307 1695 390 1743 Ne
410 1694 717 1751 perconteris
746 1733 1456 1744 ....................................................
1462 1694 1594 1750 Epp.
1610 1693 1642 1740 i.
1659 1697 1711 1740 16

309 1762 390 1810 Ne
409 1762 478 1811 sit
496 1762 706 1811 ancillae
746 1800 1457 1811 ....................................................
1461 1761 1518 1810 C.
1541 1760 1593 1809 ii.
1616 1778 1643 1818 4

310 1829 508 1887 Nempe
528 1829 862 1886 incomposito
914 1868 1461 1878 ........................................
1466 1828 1516 1877 S.
1540 1828 1572 1876 i.
1600 1845 1653 1876 10

311 1896 402 1945 Nil
422 1897 660 1946 admirari
695 1936 1461 1946 ........................................................
1466 1897 1598 1952 Epp.
1617 1895 1649 1945 i.
1665 1900 1694 1943 6

311 1963 459 2013 Nolis
477 1965 628 2020 longa
647 1965 781 2012 ferae
805 2004 1460 2014 ................................................
1466 1964 1520 2013 C.
1546 1964 1596 2012 ii.
1624 1981 1676 2012 12

311 2030 431 2081 Non
450 2031 574 2079 ebur
592 2047 754 2088 neque
772 2048 977 2081 aureum
1027 2072 1461 2081 ................................
1466 2032 1522 2081 C.
1546 2032 1597 2080 ii.
1625 2037 1676 2079 18

313 2101 432 2150 Non
451 2100 583 2157 quia,
614 2100 884 2150 Maecenas
915 2140 1461 2152 ........................................
1467 2101 1516 2150 S.
1540 2100 1572 2149 i.
1600 2105 1629 2148 6

313 2168 433 2217 Non
452 2178 650 2225 semper
667 2167 854 2218 imbres
865 2207 1464 2218 ............................................
1470 2167 1524 2217 Ο.
1548 2168 1600 2217 ii.
1627 2186 1656 2228 9

313 2236 433 2286 Non
452 2237 643 2286 usitata
696 2276 1465 2289 ........................................................
1470 2237 1525 2286 C.
1550 2236 1600 2284 ii.
1625 2254 1682 2285 20

314 2305 434 2355 Non
454 2306 607 2363 vides,
635 2314 829 2364 quanto
864 2346 1464 2356 ............................................
1469 2306 1524 2355 C.
1547 2306 1619 2354 iii.
1643 2323 1700 2354 20

315 2373 559 2423 Nondum
579 2374 788 2424 subacta
813 2414 1469 2424 ................................................
1474 2374 1530 2423 Ο.
1555 2373 1605 2421 ii.
1631 2391 1658 2436 5

316 2440 433 2490 Nox
456 2448 566 2491 erat
584 2448 636 2491 et
656 2444 793 2492 caelo
810 2481 1464 2492 ................................................
1470 2442 1529 2490 Ε.
1557 2458 1608 2503 15

316 2508 539 2564 Nullam,
564 2510 713 2568 Vare,
740 2526 879 2560 sacra
923 2548 1468 2560 ........................................
1472 2509 1529 2559 0.
1552 2508 1584 2558 i.
1611 2516 1664 2558 18

429 2575 587 2638 [311]
