<?xml version="1.0" encoding="UTF-8"?>
<!DOCTYPE html PUBLIC "-//W3C//DTD XHTML 1.0 Transitional//EN"
    "http://www.w3.org/TR/xhtml1/DTD/xhtml1-transitional.dtd">
<html xmlns="http://www.w3.org/1999/xhtml" xml:lang="en" lang="en">
 <head>
  <title>
</title>
<meta http-equiv="Content-Type" content="text/html;charset=utf-8" />
  <meta name='ocr-system' content='tesseract 3.04.00' />
  <meta name='ocr-capabilities' content='ocr_page ocr_carea ocr_par ocr_line ocrx_word'/>
</head>
<body>
  <div class='ocr_page' id='page_1' title='image "./operaomnia06unkngoog_0241.png"; bbox 0 0 2109 2975; ppageno 0'>
   <div class='ocr_carea' id='block_1_1' title="bbox 406 535 1487 846">
    <p class='ocr_par' dir='ltr' id='par_1_1' title="bbox 406 535 1487 846">
     <span class='ocr_line' id='line_1_1' title="bbox 406 535 1487 701; baseline 0.002 -42"><span class='ocrx_word' id='word_1_1' title='bbox 406 577 503 674; x_wconf 81' lang='lat' dir='ltr'>Q.</span> <span class='ocrx_word' id='word_1_2' title='bbox 570 577 1015 658; x_wconf 86' lang='lat' dir='ltr'>HORATI</span> <span class='ocrx_word' id='word_1_3' title='bbox 1078 535 1487 701; x_wconf 74' lang='lat' dir='ltr'>FLACCI</span> 
     </span>
     <span class='ocr_line' id='line_1_2' title="bbox 578 757 1327 846; baseline 0.004 -5"><span class='ocrx_word' id='word_1_4' title='bbox 578 757 1327 846; x_wconf 80' lang='lat' dir='ltr'><strong>EPISTULARUM</strong></span> 
     </span>
    </p>
   </div>
   <div class='ocr_carea' id='block_1_2' title="bbox 653 919 1251 1013">
    <p class='ocr_par' dir='ltr' id='par_1_2' title="bbox 653 919 1251 1013">
     <span class='ocr_line' id='line_1_3' title="bbox 653 919 1251 1013; baseline 0.008 -4"><span class='ocrx_word' id='word_1_5' title='bbox 653 958 897 1011; x_wconf 84' lang='lat' dir='ltr'><strong>LIBER</strong></span> <span class='ocrx_word' id='word_1_6' title='bbox 944 919 1251 1013; x_wconf 71' lang='lat' dir='ltr'><strong>PRIMUS</strong></span> 
     </span>
    </p>
   </div>
   <div class='ocr_carea' id='block_1_3' title="bbox 936 1107 964 1152">
    <p class='ocr_par' dir='ltr' id='par_1_3' title="bbox 936 1107 964 1152">
     <span class='ocr_line' id='line_1_4' title="bbox 936 1107 964 1152; baseline 0 0"><span class='ocrx_word' id='word_1_7' title='bbox 936 1107 964 1152; x_wconf 92' lang='lat'>1</span> 
     </span>
    </p>
   </div>
   <div class='ocr_carea' id='block_1_4' title="bbox 195 1201 1642 2646">
    <p class='ocr_par' dir='ltr' id='par_1_4' title="bbox 195 1201 1642 2646">
     <span class='ocr_line' id='line_1_5' title="bbox 376 1201 1542 1263; baseline 0.003 -13"><span class='ocrx_word' id='word_1_8' title='bbox 376 1201 557 1251; x_wconf 80' lang='lat' dir='ltr'>RIMA</span> <span class='ocrx_word' id='word_1_9' title='bbox 575 1203 703 1251; x_wconf 83' lang='lat' dir='ltr'>dicte</span> <span class='ocrx_word' id='word_1_10' title='bbox 722 1204 858 1262; x_wconf 86' lang='lat' dir='ltr'>mihi,</span> <span class='ocrx_word' id='word_1_11' title='bbox 881 1219 1073 1252; x_wconf 83' lang='lat' dir='ltr'>summa</span> <span class='ocrx_word' id='word_1_12' title='bbox 1091 1204 1290 1253; x_wconf 80' lang='lat' dir='ltr'>dicende</span> <span class='ocrx_word' id='word_1_13' title='bbox 1312 1205 1542 1263; x_wconf 87' lang='lat' dir='ltr'>Camena,</span> 
     </span>
     <span class='ocr_line' id='line_1_6' title="bbox 397 1274 1627 1337; baseline 0.002 -14"><span class='ocrx_word' id='word_1_14' title='bbox 397 1274 671 1333; x_wconf 80' lang='lat' dir='ltr'>spectatum</span> <span class='ocrx_word' id='word_1_15' title='bbox 692 1277 811 1324; x_wconf 87' lang='lat' dir='ltr'>satis</span> <span class='ocrx_word' id='word_1_16' title='bbox 830 1280 882 1325; x_wconf 90' lang='lat' dir='ltr'>et</span> <span class='ocrx_word' id='word_1_17' title='bbox 901 1279 1137 1326; x_wconf 85' lang='lat' dir='ltr'>donatum</span> <span class='ocrx_word' id='word_1_18' title='bbox 1156 1279 1254 1327; x_wconf 89' lang='lat' dir='ltr'>iam</span> <span class='ocrx_word' id='word_1_19' title='bbox 1274 1278 1394 1327; x_wconf 86' lang='lat' dir='ltr'>rude</span> <span class='ocrx_word' id='word_1_20' title='bbox 1416 1280 1627 1337; x_wconf 85' lang='lat' dir='ltr'>quaeris,</span> 
     </span>
     <span class='ocr_line' id='line_1_7' title="bbox 271 1353 1476 1421; baseline 0.002 -21"><span class='ocrx_word' id='word_1_21' title='bbox 271 1353 545 1411; x_wconf 74' lang='lat' dir='ltr'><strong>Maecenas,</strong></span> <span class='ocrx_word' id='word_1_22' title='bbox 566 1353 744 1401; x_wconf 86' lang='lat' dir='ltr'>iterum</span> <span class='ocrx_word' id='word_1_23' title='bbox 765 1353 967 1421; x_wconf 75' lang='lat' dir='ltr'>antiqno</span> <span class='ocrx_word' id='word_1_24' title='bbox 984 1370 1062 1401; x_wconf 87' lang='lat' dir='ltr'>me</span> <span class='ocrx_word' id='word_1_25' title='bbox 1081 1355 1327 1403; x_wconf 75' lang='lat' dir='ltr'>includere</span> <span class='ocrx_word' id='word_1_26' title='bbox 1347 1355 1476 1403; x_wconf 83' lang='lat' dir='ltr'>ludo.</span> 
     </span>
     <span class='ocr_line' id='line_1_8' title="bbox 271 1427 1589 1485; baseline 0.002 -11"><span class='ocrx_word' id='word_1_27' title='bbox 271 1427 381 1474; x_wconf 86' lang='lat' dir='ltr'>Non</span> <span class='ocrx_word' id='word_1_28' title='bbox 403 1427 570 1475; x_wconf 83' lang='lat' dir='ltr'>eadem</span> <span class='ocrx_word' id='word_1_29' title='bbox 590 1429 665 1475; x_wconf 91' lang='lat' dir='ltr'>est</span> <span class='ocrx_word' id='word_1_30' title='bbox 685 1429 836 1485; x_wconf 86' lang='lat' dir='ltr'>aetas,</span> <span class='ocrx_word' id='word_1_31' title='bbox 858 1442 955 1474; x_wconf 92' lang='lat' dir='ltr'>non</span> <span class='ocrx_word' id='word_1_32' title='bbox 974 1442 1127 1475; x_wconf 87' lang='lat' dir='ltr'>mens.</span> <span class='ocrx_word' id='word_1_33' title='bbox 1187 1428 1419 1476; x_wconf 78' lang='lat' dir='ltr'>Veianius</span> <span class='ocrx_word' id='word_1_34' title='bbox 1440 1429 1589 1476; x_wconf 87' lang='lat' dir='ltr'>armis</span> 
     </span>
     <span class='ocr_line' id='line_1_9' title="bbox 222 1501 1429 1561; baseline 0.002 -14"><span class='ocrx_word' id='word_1_35' title='bbox 222 1515 248 1561; x_wconf 84' lang='lat'>5</span> <span class='ocrx_word' id='word_1_36' title='bbox 273 1501 500 1548; x_wconf 82' lang='lat' dir='ltr'>Herculis</span> <span class='ocrx_word' id='word_1_37' title='bbox 519 1501 582 1549; x_wconf 88' lang='lat' dir='ltr'>ad</span> <span class='ocrx_word' id='word_1_38' title='bbox 600 1503 788 1558; x_wconf 88' lang='lat' dir='ltr'>postem</span> <span class='ocrx_word' id='word_1_39' title='bbox 809 1501 917 1548; x_wconf 85' lang='lat' dir='ltr'>fixis</span> <span class='ocrx_word' id='word_1_40' title='bbox 937 1502 1062 1549; x_wconf 89' lang='lat' dir='ltr'>latet</span> <span class='ocrx_word' id='word_1_41' title='bbox 1083 1501 1276 1549; x_wconf 84' lang='lat' dir='ltr'>abditus</span> <span class='ocrx_word' id='word_1_42' title='bbox 1295 1518 1429 1560; x_wconf 75' lang='lat' dir='ltr'>agro,</span> 
     </span>
     <span class='ocr_line' id='line_1_10' title="bbox 270 1570 1388 1630; baseline 0.004 -10"><span class='ocrx_word' id='word_1_43' title='bbox 270 1589 333 1620; x_wconf 93' lang='lat' dir='ltr'>ne</span> <span class='ocrx_word' id='word_1_44' title='bbox 347 1570 579 1630; x_wconf 87' lang='lat' dir='ltr'>populum</span> <span class='ocrx_word' id='word_1_45' title='bbox 599 1576 820 1623; x_wconf 83' lang='lat' dir='ltr'>extrema</span> <span class='ocrx_word' id='word_1_46' title='bbox 837 1575 981 1622; x_wconf 90' lang='lat' dir='ltr'>toties</span> <span class='ocrx_word' id='word_1_47' title='bbox 1001 1577 1170 1622; x_wconf 88' lang='lat' dir='ltr'>exoret</span> <span class='ocrx_word' id='word_1_48' title='bbox 1188 1575 1388 1624; x_wconf 85' lang='lat' dir='ltr'>harena.</span> 
     </span>
     <span class='ocr_line' id='line_1_11' title="bbox 271 1647 1642 1715; baseline 0.003 -22"><span class='ocrx_word' id='word_1_49' title='bbox 271 1647 367 1695; x_wconf 84' lang='lat' dir='ltr'>Est</span> <span class='ocrx_word' id='word_1_50' title='bbox 386 1647 505 1694; x_wconf 88' lang='lat' dir='ltr'>mihi</span> <span class='ocrx_word' id='word_1_51' title='bbox 525 1650 787 1705; x_wconf 79' lang='lat' dir='ltr'>purgatam</span> <span class='ocrx_word' id='word_1_52' title='bbox 809 1648 980 1715; x_wconf 70' lang='lat' dir='ltr'>erebro</span> <span class='ocrx_word' id='word_1_53' title='bbox 999 1649 1083 1704; x_wconf 87' lang='lat' dir='ltr'>qui</span> <span class='ocrx_word' id='word_1_54' title='bbox 1102 1651 1329 1704; x_wconf 74' lang='lat' dir='ltr'>personet</span> <span class='ocrx_word' id='word_1_55' title='bbox 1350 1665 1516 1697; x_wconf 83' lang='lat' dir='ltr'>aurem</span> <span class='ocrx_word' id='word_1_56' title='bbox 1540 1672 1550 1697; x_wconf 73' lang='grc' dir='ltr'><strong>ε</strong></span> <span class='ocrx_word' id='word_1_57' title='bbox 1638 1709 1642 1712; x_wconf 25' lang='lat'><strong>⁴</strong></span> 
     </span>
     <span class='ocr_line' id='line_1_12' title="bbox 273 1721 1471 1788; baseline 0.003 -21"><span class='ocrx_word' id='word_1_58' title='bbox 273 1721 284 1742; x_wconf 94' lang='lat'>‘</span> <span class='ocrx_word' id='word_1_59' title='bbox 303 1721 443 1769; x_wconf 82' lang='lat' dir='ltr'>Solve</span> <span class='ocrx_word' id='word_1_60' title='bbox 465 1724 790 1770; x_wconf 75' lang='lat' dir='ltr'>senescentem</span> <span class='ocrx_word' id='word_1_61' title='bbox 813 1724 1004 1769; x_wconf 89' lang='lat' dir='ltr'>mature</span> <span class='ocrx_word' id='word_1_62' title='bbox 1025 1737 1172 1788; x_wconf 85' lang='lat' dir='ltr'>sanus</span> <span class='ocrx_word' id='word_1_63' title='bbox 1192 1737 1388 1780; x_wconf 86' lang='lat' dir='ltr'>equum,</span> <span class='ocrx_word' id='word_1_64' title='bbox 1410 1739 1471 1770; x_wconf 90' lang='lat' dir='ltr'>ne</span> 
     </span>
     <span class='ocr_line' id='line_1_13' title="bbox 269 1794 1436 1849; baseline 0.001 -8"><span class='ocrx_word' id='word_1_65' title='bbox 269 1795 436 1849; x_wconf 84' lang='lat' dir='ltr'>peooet</span> <span class='ocrx_word' id='word_1_66' title='bbox 455 1794 518 1841; x_wconf 87' lang='lat' dir='ltr'>ad</span> <span class='ocrx_word' id='word_1_67' title='bbox 538 1796 810 1842; x_wconf 85' lang='lat' dir='ltr'>extremum</span> <span class='ocrx_word' id='word_1_68' title='bbox 829 1794 1059 1843; x_wconf 82' lang='lat' dir='ltr'>ridendus</span> <span class='ocrx_word' id='word_1_69' title='bbox 1078 1797 1129 1843; x_wconf 90' lang='lat' dir='ltr'>et</span> <span class='ocrx_word' id='word_1_70' title='bbox 1148 1794 1233 1842; x_wconf 85' lang='lat' dir='ltr'>ilia</span> <span class='ocrx_word' id='word_1_71' title='bbox 1252 1795 1436 1843; x_wconf 83' lang='lat' dir='ltr'>dueat.&#39;</span> 
     </span>
     <span class='ocr_line' id='line_1_14' title="bbox 195 1866 1484 1925; baseline 0.002 -12"><span class='ocrx_word' id='word_1_72' title='bbox 195 1882 247 1914; x_wconf 90' lang='lat'>10</span> <span class='ocrx_word' id='word_1_73' title='bbox 269 1866 416 1914; x_wconf 86' lang='lat' dir='ltr'>Nune</span> <span class='ocrx_word' id='word_1_74' title='bbox 435 1867 597 1923; x_wconf 84' lang='lat' dir='ltr'>itaque</span> <span class='ocrx_word' id='word_1_75' title='bbox 615 1869 667 1915; x_wconf 89' lang='lat' dir='ltr'>et</span> <span class='ocrx_word' id='word_1_76' title='bbox 688 1883 857 1916; x_wconf 84' lang='lat' dir='ltr'>versus</span> <span class='ocrx_word' id='word_1_77' title='bbox 877 1870 929 1915; x_wconf 91' lang='lat' dir='ltr'>et</span> <span class='ocrx_word' id='word_1_78' title='bbox 950 1870 1115 1916; x_wconf 85' lang='lat' dir='ltr'>cetera</span> <span class='ocrx_word' id='word_1_79' title='bbox 1134 1867 1323 1915; x_wconf 73' lang='lat' dir='ltr'>lu&#39;diera</span> <span class='ocrx_word' id='word_1_80' title='bbox 1341 1883 1484 1925; x_wconf 90' lang='lat' dir='ltr'>pono,</span> 
     </span>
     <span class='ocr_line' id='line_1_15' title="bbox 269 1940 1631 2005; baseline 0.002 -19"><span class='ocrx_word' id='word_1_81' title='bbox 269 1940 383 1996; x_wconf 82' lang='lat' dir='ltr'>quid</span> <span class='ocrx_word' id='word_1_82' title='bbox 403 1952 572 1988; x_wconf 80' lang='lat' dir='ltr'>verum</span> <span class='ocrx_word' id='word_1_83' title='bbox 592 1943 737 1998; x_wconf 85' lang='lat' dir='ltr'>atque</span> <span class='ocrx_word' id='word_1_84' title='bbox 758 1941 948 1998; x_wconf 83' lang='lat' dir='ltr'>decens,</span> <span class='ocrx_word' id='word_1_85' title='bbox 970 1955 1088 1988; x_wconf 83' lang='lat' dir='ltr'>curo</span> <span class='ocrx_word' id='word_1_86' title='bbox 1114 1943 1165 2005; x_wconf 87' lang='lat' dir='ltr'>et</span> <span class='ocrx_word' id='word_1_87' title='bbox 1185 1955 1304 2005; x_wconf 74' lang='lat' dir='ltr'>rogo</span> <span class='ocrx_word' id='word_1_88' title='bbox 1324 1942 1374 1989; x_wconf 92' lang='lat' dir='ltr'>et</span> <span class='ocrx_word' id='word_1_89' title='bbox 1401 1941 1555 1989; x_wconf 81' lang='lat' dir='ltr'>omnis</span> <span class='ocrx_word' id='word_1_90' title='bbox 1578 1942 1631 1989; x_wconf 91' lang='lat' dir='ltr'>in</span> 
     </span>
     <span class='ocr_line' id='line_1_16' title="bbox 381 2013 630 2071; baseline 0 -11"><span class='ocrx_word' id='word_1_91' title='bbox 381 2013 471 2061; x_wconf 83' lang='lat' dir='ltr'>hoe</span> <span class='ocrx_word' id='word_1_92' title='bbox 492 2028 598 2060; x_wconf 91' lang='lat' dir='ltr'>sum</span> <span class='ocrx_word' id='word_1_93' title='bbox 618 2033 630 2071; x_wconf 80' lang='lat'>3</span> 
     </span>
     <span class='ocr_line' id='line_1_17' title="bbox 270 2087 1528 2154; baseline 0.002 -21"><span class='ocrx_word' id='word_1_94' title='bbox 270 2087 424 2134; x_wconf 84' lang='lat' dir='ltr'>condo</span> <span class='ocrx_word' id='word_1_95' title='bbox 440 2088 495 2134; x_wconf 78' lang='lat' dir='ltr'>et‘</span> <span class='ocrx_word' id='word_1_96' title='bbox 510 2094 740 2143; x_wconf 76' lang='lat' dir='ltr'>compono</span> <span class='ocrx_word' id='word_1_97' title='bbox 760 2103 883 2154; x_wconf 79' lang='lat' dir='ltr'>quae</span> <span class='ocrx_word' id='word_1_98' title='bbox 904 2102 1013 2135; x_wconf 86' lang='lat' dir='ltr'>mox</span> <span class='ocrx_word' id='word_1_99' title='bbox 1033 2088 1314 2153; x_wconf 79' lang='lat' dir='ltr'>depromere</span> <span class='ocrx_word' id='word_1_100' title='bbox 1333 2089 1528 2153; x_wconf 79' lang='lat' dir='ltr'>possim&#39;.</span> 
     </span>
     <span class='ocr_line' id='line_1_18' title="bbox 269 2159 1512 2227; baseline 0.002 -22"><span class='ocrx_word' id='word_1_101' title='bbox 269 2160 344 2206; x_wconf 86' lang='lat' dir='ltr'>Ae</span> <span class='ocrx_word' id='word_1_102' title='bbox 364 2175 423 2206; x_wconf 90' lang='lat' dir='ltr'>ne</span> <span class='ocrx_word' id='word_1_103' title='bbox 444 2159 571 2208; x_wconf 80' lang='lat' dir='ltr'>forte</span> <span class='ocrx_word' id='word_1_104' title='bbox 591 2175 733 2217; x_wconf 74' lang='lat' dir='ltr'>roges</span> <span class='ocrx_word' id='word_1_105' title='bbox 753 2177 850 2217; x_wconf 88' lang='lat' dir='ltr'>quo</span> <span class='ocrx_word' id='word_1_106' title='bbox 869 2176 944 2208; x_wconf 91' lang='lat' dir='ltr'>me</span> <span class='ocrx_word' id='word_1_107' title='bbox 963 2161 1102 2227; x_wconf 73' lang='lat' dir='ltr'>duee,</span> <span class='ocrx_word' id='word_1_108' title='bbox 1124 2176 1217 2218; x_wconf 88' lang='lat' dir='ltr'>quo</span> <span class='ocrx_word' id='word_1_109' title='bbox 1238 2162 1342 2208; x_wconf 84' lang='lat' dir='ltr'>lare</span> <span class='ocrx_word' id='word_1_110' title='bbox 1361 2162 1512 2218; x_wconf 86' lang='lat' dir='ltr'>tuter,</span> 
     </span>
     <span class='ocr_line' id='line_1_19' title="bbox 271 2231 1374 2290; baseline 0.003 -12"><span class='ocrx_word' id='word_1_111' title='bbox 271 2231 452 2279; x_wconf 87' lang='lat' dir='ltr'>nullius</span> <span class='ocrx_word' id='word_1_112' title='bbox 472 2233 695 2281; x_wconf 80' lang='lat' dir='ltr'>addictus</span> <span class='ocrx_word' id='word_1_113' title='bbox 713 2233 877 2281; x_wconf 85' lang='lat' dir='ltr'>iurare</span> <span class='ocrx_word' id='word_1_114' title='bbox 895 2235 948 2281; x_wconf 90' lang='lat' dir='ltr'>in</span> <span class='ocrx_word' id='word_1_115' title='bbox 968 2234 1117 2282; x_wconf 84' lang='lat' dir='ltr'>verba</span> <span class='ocrx_word' id='word_1_116' title='bbox 1134 2234 1374 2290; x_wconf 81' lang='lat' dir='ltr'>mag-istri,</span> 
     </span>
     <span class='ocr_line' id='line_1_20' title="bbox 196 2299 1557 2364; baseline 0.002 -13"><span class='ocrx_word' id='word_1_117' title='bbox 196 2316 248 2362; x_wconf 86' lang='lat'>15</span> <span class='ocrx_word' id='word_1_118' title='bbox 272 2313 368 2361; x_wconf 80' lang='lat' dir='ltr'>quo·</span> <span class='ocrx_word' id='word_1_119' title='bbox 385 2319 462 2353; x_wconf 88' lang='lat' dir='ltr'>me</span> <span class='ocrx_word' id='word_1_120' title='bbox 481 2299 685 2362; x_wconf 77' lang='lat' dir='ltr'>eumque</span> <span class='ocrx_word' id='word_1_121' title='bbox 705 2306 835 2362; x_wconf 84' lang='lat' dir='ltr'>rapit</span> <span class='ocrx_word' id='word_1_122' title='bbox 853 2308 1138 2364; x_wconf 85' lang='lat' dir='ltr'>tempestas,</span> <span class='ocrx_word' id='word_1_123' title='bbox 1159 2307 1350 2354; x_wconf 83' lang='lat' dir='ltr'>deferor</span> <span class='ocrx_word' id='word_1_124' title='bbox 1367 2306 1557 2363; x_wconf 81' lang='lat' dir='ltr'>hospes.</span> 
     </span>
     <span class='ocr_line' id='line_1_21' title="bbox 273 2378 1356 2446; baseline 0.001 -20"><span class='ocrx_word' id='word_1_125' title='bbox 273 2378 420 2426; x_wconf 85' lang='lat' dir='ltr'>Nune</span> <span class='ocrx_word' id='word_1_126' title='bbox 440 2379 580 2435; x_wconf 79' lang='lat' dir='ltr'>agilis</span> <span class='ocrx_word' id='word_1_127' title='bbox 600 2379 664 2426; x_wconf 91' lang='lat' dir='ltr'>fio</span> <span class='ocrx_word' id='word_1_128' title='bbox 681 2380 731 2427; x_wconf 93' lang='lat' dir='ltr'>et</span> <span class='ocrx_word' id='word_1_129' title='bbox 750 2394 936 2446; x_wconf 79' lang='lat' dir='ltr'>tnersor</span> <span class='ocrx_word' id='word_1_130' title='bbox 955 2380 1176 2427; x_wconf 81' lang='lat' dir='ltr'>civilibus</span> <span class='ocrx_word' id='word_1_131' title='bbox 1195 2381 1356 2438; x_wconf 84' lang='lat' dir='ltr'>undis,</span> 
     </span>
     <span class='ocr_line' id='line_1_22' title="bbox 273 2446 1361 2511; baseline 0.004 -14"><span class='ocrx_word' id='word_1_132' title='bbox 273 2450 472 2497; x_wconf 84' lang='lat' dir='ltr'>virtutis</span> <span class='ocrx_word' id='word_1_133' title='bbox 492 2446 635 2499; x_wconf 84' lang='lat' dir='ltr'>verae</span> <span class='ocrx_word' id='word_1_134' title='bbox 655 2454 818 2499; x_wconf 82' lang='lat' dir='ltr'>custos</span> <span class='ocrx_word' id='word_1_135' title='bbox 836 2453 1115 2510; x_wconf 74' lang='lat' dir='ltr'>rigidusque</span> <span class='ocrx_word' id='word_1_136' title='bbox 1136 2453 1328 2502; x_wconf 79' lang='lat' dir='ltr'>satelles</span> <span class='ocrx_word' id='word_1_137' title='bbox 1348 2472 1361 2511; x_wconf 74' lang='grc' dir='ltr'><strong><em>ς</em></strong></span> 
     </span>
     <span class='ocr_line' id='line_1_23' title="bbox 273 2522 1440 2583; baseline 0.003 -14"><span class='ocrx_word' id='word_1_138' title='bbox 273 2538 404 2570; x_wconf 85' lang='lat' dir='ltr'>nune</span> <span class='ocrx_word' id='word_1_139' title='bbox 423 2522 475 2569; x_wconf 92' lang='lat' dir='ltr'>in</span> <span class='ocrx_word' id='word_1_140' title='bbox 496 2523 735 2580; x_wconf 85' lang='lat' dir='ltr'>Aristippi</span> <span class='ocrx_word' id='word_1_141' title='bbox 756 2524 927 2572; x_wconf 86' lang='lat' dir='ltr'>furtim</span> <span class='ocrx_word' id='word_1_142' title='bbox 949 2528 1214 2583; x_wconf 82' lang='lat' dir='ltr'>praecepta</span> <span class='ocrx_word' id='word_1_143' title='bbox 1231 2526 1440 2581; x_wconf 79' lang='lat' dir='ltr'>relabor,</span> 
     </span>
     <span class='ocr_line' id='line_1_24' title="bbox 373 2597 517 2646; baseline 0.007 -4"><span class='ocrx_word' id='word_1_144' title='bbox 373 2597 389 2642; x_wconf 94' lang='lat'><strong>[</strong></span> <span class='ocrx_word' id='word_1_145' title='bbox 409 2609 481 2646; x_wconf 84' lang='lat'>237</span> <span class='ocrx_word' id='word_1_146' title='bbox 501 2597 517 2643; x_wconf 89' lang='grc'><strong>1</strong></span> 
     </span>
    </p>
   </div>
  </div>
 </body>
</html>
