2109 2975
282 625 334 671 15

267 1723 325 1766 30

258 2458 318 2498 4ο

804 207 1124 249 CARMINUM
1163 208 1197 249 1.
1223 218 1270 247 ιιι

646 307 885 355 commisit
905 307 1079 365 pelago
1097 310 1256 356 ratem

531 381 734 438 primus,
755 396 843 428 nec
862 381 1029 428 timuit
1049 382 1365 438 praecipitem
1386 381 1611 428 Africum

644 455 971 506 decertantem
992 455 1311 514 Aquilonibus

530 546 619 576 nec
638 529 804 576 tristes
825 529 1030 584 Hyadas
1050 544 1139 576 nec
1159 529 1342 576 rabiem
1361 528 1499 585 Noti,

641 617 734 658 quo
751 617 849 648 non
869 601 1055 649 arbiter
1075 603 1292 650 Hadriae

529 676 698 733 maior,
718 674 889 723 tollere
909 690 995 722 seu
1014 690 1193 731 ponere
1213 676 1321 723 vult
1340 676 1486 724 freta.

699 748 854 805 Quem
881 749 1050 796 mortis
1074 749 1242 795 timuit
1264 750 1487 807 gradum,

527 823 606 878 qui
627 822 762 869 siccis
783 822 933 868 oculis
955 823 1175 869 monstra
1193 823 1436 878 natantia,

695 895 777 950 qni
796 894 919 941 vidit
941 910 1075 942 mare
1095 895 1344 943 turbidum
1365 899 1414 943 et

525 969 732 1015 infames
753 969 973 1025 scopulos
994 969 1385 1017 Acroceraunia?

692 1041 998 1097 Nequiquam
1020 1042 1137 1089 deus
1158 1031 1362 1090 abscidit

525 1114 736 1171 prudens
758 1115 950 1162 Oceano
971 1115 1261 1163 dissociabili

692 1190 868 1245 terras,
892 1188 932 1235 si
952 1189 1120 1236 tamen
1140 1189 1315 1246 impiae

522 1276 619 1308 non
638 1261 887 1316 tangenda
907 1263 1038 1309 rates
1059 1262 1345 1309 transiliunt
1373 1262 1510 1310 vada.

690 1334 868 1381 Audax
888 1335 1051 1382 omnia
1070 1335 1258 1393 perpeti

518 1422 637 1464 gens
656 1408 873 1455 humana
891 1408 994 1454 ruit
1015 1422 1104 1464 per
1122 1408 1331 1456 vetitum
1353 1408 1507 1455 nefas,

689 1481 866 1530 Audax
886 1480 1047 1539 Iapeti
1066 1497 1218 1539 genus

519 1555 681 1612 ignem
702 1555 876 1604 fraude
896 1556 1027 1603 mala
1044 1554 1274 1613 gentibus
1293 1508 1478 1603 intulit.

689 1630 840 1679 Post
826 1645 988 1687 ignem
1008 1629 1228 1678 aetheria
1248 1630 1388 1677 domo
1443 1652 1448 1657 ·

519 1703 812 1752 subductum
833 1703 1008 1751 macies
1029 1703 1080 1750 et
1098 1718 1225 1750 nova
1243 1703 1452 1750 febrium

686 1778 832 1825 terris
852 1776 1073 1824 incubuit
1094 1776 1281 1833 cohors,

517 1852 781 1907 semotique
802 1850 936 1907 prius
956 1849 1104 1897 tarda
1121 1851 1381 1898 necessitas

683 1925 772 1973 leti
791 1923 1024 1980 corripuit
1043 1924 1268 1980 gradum.

514 1998 759 2054 Expertus
779 2012 986 2045 vacuum
1007 1996 1257 2044 Daedalus
1278 1998 1391 2044 a'e‘ra

682 2071 852 2127 pennis
872 2086 969 2118 non
988 2069 1172 2117 homini
1191 2069 1319 2117 datis
1335 2089 1349 2125 ;

514 2144 733 2200 perrupit
752 2144 1033 2191 Acheronta
1052 2142 1325 2191 Herculeus
1344 2142 1496 2190 labor.

679 2216 763 2264 Nil
785 2212 1071 2264 mortalibus
1091 2215 1231 2263 ardui
1251 2218 1356 2269 est;

511 2288 697 2335 caelum
718 2288 876 2344 ipsum
896 2287 1106 2343 petimus
1128 2286 1341 2333 stultitia
1361 2302 1513 2342 neque

677 2377 765 2417 per
783 2361 1004 2408 nostrum
1023 2359 1243 2415 patimur
1261 2360 1415 2406 scelus

518 2435 753 2482 iracunda
772 2434 936 2480 Iovem
956 2446 1134 2488 ponere
1152 2431 1376 2480 fulmina.

880 2537 921 2569 19
962 2530 1165 2571 turgidum

438 2593 557 2642 [13]
