2109 2975
251 725 308 756 10

253 1121 306 1166 Ῐ5

730 194 1045 235 CARMINUM
1081 194 1153 235 IV.
1183 204 1222 240 x,
1243 203 1285 233 x1

500 294 672 352 multa,
693 305 790 351 qua
811 295 969 342 crines
989 294 1198 351 religata
1215 293 1374 350 fulges
1393 314 1405 351 3

499 368 625 415 ridet
646 370 850 425 argento
869 368 1039 416 domus
1057 387 1071 425 ;
1101 382 1189 415 ara
1208 368 1355 414 castis

498 442 664 489 vincta
683 441 904 490 verbenis
923 442 1038 489 avet
1056 440 1309 489 immolato

610 515 831 572 spargier
849 529 999 571 agn05
1045 567 1050 572 ‚

499 632 677 679 cuncta
693 631 897 679 festinat
917 646 1108 687 manuS,
1130 631 1226 678 huc
1246 633 1297 679 et
1315 631 1431 679 illuc

499 705 738 754 cursitant
758 705 938 753 mixtae
958 705 1121 761 pueris
1142 705 1329 761 puellae
1350 724 1361 759 ς

498 778 743 826 sordidum
764 778 987 826 flammae
1003 778 1255 834 trepidant
1275 780 1493 825 rotantes

607 852 787 899 vertice
807 852 1016 899 fumum.

499 966 570 1014 Ut
588 969 754 1016 tamen
773 966 905 1015 noris
925 966 1101 1023 quibus
1122 966 1368 1015 advoceris

497 1040 702 1098 gaudiis,
723 1040 842 1088 Idus
860 1039 953 1089 tibi
971 1040 1089 1088 sunt
1108 1039 1342 1097 agendae,

497 1113 581 1168 qui
600 1114 700 1160 dies
722 1129 936 1161 mensem
948 1113 1163 1163 ‘Veneris
1183 1113 1399 1161 marinae

609 1186 750 1233 findit
769 1186 1006 1246 Aprilem,

496 1292 598 1339 iure
618 1293 861 1342 sollemnis
882 1294 1001 1341 mihi
1021 1293 1326 1350 sanctiorque

496 1381 647 1424 paene
665 1366 820 1413 natali
841 1366 1054 1423 proprio,
1076 1366 1205 1423 quod
1224 1382 1284 1414 ex
1302 1366 1392 1414 hac

497 1439 603 1486 luce
624 1440 881 1488 Maecenas
902 1455 1037 1489 meus
1059 1440 1325 1489 adfluentes

610 1515 804 1561 ordinat
825 1530 994 1562 annos.

499 1621 783 1679 Telephum,
805 1637 947 1678 quem
967 1624 1025 1668 tu
1046 1621 1187 1678 petis,
1209 1623 1462 1679 occupavit

497 1709 593 1741 non
613 1696 727 1742 tuae
750 1695 894 1742 sortis
913 1695 1139 1743 iuvenem
1160 1695 1322 1751 puella

498 1767 630 1815 dives
650 1769 702 1815 et
720 1767 902 1816 lasciva
919 1770 1151 1826 tenetque
1172 1771 1318 1824 grata

611 1842 837 1898 compede
857 1841 1094 1890 vinctum.

501 1949 674 1997 Terret
693 1949 948 1997 ambustus
969 1949 1224 1998 Phaethon
1246 1966 1419 1999 avaras

500 2037 625 2080 spes,
647 2024 697 2070 et
717 2023 990 2080 exemplum
1009 2038 1160 2081 grave
1180 2024 1382 2080 praebet
1401 2027 1500 2073 ales

499 2095 715 2152 Pegasus
733 2098 983 2145 terrenum
1003 2096 1212 2153 equitem
1233 2100 1466 2153 gravatus

611 2169 1050 2227 Bellerophontem,

499 2290 688 2331 semper
705 2277 764 2323 ut
781 2277 832 2323 te
852 2275 1002 2335 digna
1019 2291 1223 2333 sequare
1242 2278 1293 2325 et
1313 2277 1448 2326 ultra

498 2364 645 2405 quam
665 2349 778 2397 licet
797 2365 990 2406 sperare
1009 2351 1149 2397 nefas
1168 2352 1388 2407 putando

500 2421 741 2478 disparem
761 2422 899 2470 vites.
959 2423 1066 2479 Age
1084 2424 1200 2481 iam,
1221 2439 1439 2472 meorum

612 2497 720 2542 finis
742 2511 1017 2542 amorum—-

429 2569 568 2616 [125]
