2109 2975
684 208 1098 251 EPISTULARUM
1136 211 1168 250 Ι.
1194 220 1251 257 ιν,
1278 219 1306 249 v

310 323 373 354 an
392 308 600 356 tacitum
621 308 767 355 silvas
786 308 917 357 inter
934 311 1129 366 reptare
1149 308 1382 365 salubres,

259 394 284 440 5
310 384 562 430 curantem
582 381 812 439 quicquid
831 382 1033 440 dignum
1055 381 1274 438 sapiente
1292 382 1511 438 bonoque
1529 382 1635 428 est?

307 455 357 502 Ν
358 470 420 502 ou
440 457 499 503 tu
518 470 693 512 eorpus
712 471 820 503 eras
842 456 946 504 sine
964 458 1179 513 pectore.
1241 455 1307 503 Di
1326 455 1417 503 tibi
1434 454 1659 511 formam,

306 529 356 576 di
374 528 465 577 tibi
484 529 680 577 divitias
699 529 942 578 dederunt
961 532 1215 586 artemque
1228 529 1445 578 fruendi.

307 602 435 659 Quid
453 603 626 650 voveat
645 601 777 650 dulci
795 602 1043 651 nutricula
1060 603 1218 650 maius
1238 602 1450 659 alumno,

305 675 388 730 qui
407 689 576 732 sapere
594 675 645 723 et
663 675 763 722 fari
783 675 935 732 possit
954 690 1079 732 quse
1099 675 1296 732 sentiat,
1318 677 1369 723 et
1387 674 1475 722 cui-

228 767 282 798 10
303 748 483 806 gratia,
504 748 655 806 fama,
676 748 906 797 valetudo
925 748 1180 806 contingat
1200 748 1408 806 abunde,

303 823 355 869 et
373 821 585 869 mundus
602 822 762 869 victus
782 837 879 869 non
897 821 1152 870 deficiente
1171 825 1436 869 crumena?
1484 861 1487 864 ,

306 895 445 942 Inter
465 910 598 952 spem
619 909 895 952 curamque,
916 895 1118 943 timores
1137 895 1267 943 inter
1286 895 1335 942 et
1352 894 1469 950 iras,

302 983 494 1016 omnem
515 968 655 1018 crede
675 968 802 1016 diem
820 967 911 1015 tibi
928 968 1160 1016 diluxisse
1179 983 1459 1025 supremum
1478 988 1488 1013 x
1586 999 1589 1000 γ

305 1043 451 1099 grata
469 1042 777 1098 superveniet
797 1057 922 1098 quae
941 1057 1039 1089 non
1059 1041 1336 1098 sperabitur
1353 1041 1488 1089 hora.

227 1128 279 1174 15
304 1114 388 1161 Me
408 1114 636 1172 pinguem
656 1116 707 1162 et
725 1115 937 1162 nitidum
958 1115 1078 1163 bene
1099 1116 1271 1163 curata
1291 1116 1403 1162 cute
1421 1114 1547 1163 vises

304 1203 415 1235 cum
434 1188 594 1236 ridere
612 1188 743 1236 voles
765 1188 970 1246 Epicuri
987 1188 1046 1237 de
1064 1203 1212 1246 grege
1230 1202 1444 1245 porcum.

967 1375 1013 1421 V

304 1481 363 1529 SI
384 1482 520 1539 potes
540 1480 791 1531 Archiacis
812 1482 1017 1531 conviva.
1035 1482 1315 1531 recumbere
1336 1481 1489 1539 lectis,

301 1571 390 1603 nec
409 1556 598 1604 modica.
616 1572 789 1605 cenare
810 1557 954 1604 times
974 1556 1081 1604 olus
1103 1571 1244 1603 omne
1264 1556 1461 1612 patella,

304 1643 528 1685 supremo
546 1630 598 1676 te
618 1630 717 1677 sole
738 1629 883 1687 domi,
907 1630 1173 1686 Torquate,
1195 1627 1413 1676 manebo.

303 1701 432 1748 Vina
450 1701 584 1750 bibes
603 1702 784 1750 iterum
806 1704 972 1750 Tauro
993 1702 1174 1749 diffusa
1193 1701 1435 1758 palustres

253 1788 279 1832 5
303 1772 435 1821 inter
453 1774 735 1822 Minturnas
758 1775 1198 1831 Sinuessanumque
1220 1775 1488 1823 Petrinum.

306 1846 358 1893 Si
376 1847 547 1894 melius
568 1848 682 1903 quid
704 1848 855 1896 habes
875 1862 1064 1896 arcesse
1082 1847 1160 1895 vel
1178 1848 1433 1904 imperium
1453 1848 1544 1895 fer.

303 1918 594 1967 Iamdudum
615 1920 837 1977 splendet
855 1922 994 1969 focus
1014 1922 1066 1968 et
1084 1920 1176 1968 tibi
1195 1921 1379 1968 munda
1396 1918 1614 1977 supellex

304 1993 452 2041 Mitte
480 1993 609 2041 leves
629 2010 739 2051 spes
758 1994 809 2042 et
829 1993 1098 2043 certamina
1116 1993 1397 2042 divitiarum

302 2068 354 2114 et
372 2067 563 2115 Moschi
583 2082 780 2115 causam
801 2089 813 2116 ε
844 2084 952 2116 cras
972 2069 1091 2114 nato
1112 2068 1318 2116 Caesare
1336 2067 1492 2116 festus

230 2159 283 2189 10
305 2139 390 2187 dat
409 2141 599 2188 veniam
621 2156 938 2198 somnumque
959 2141 1089 2198 dies3
1119 2141 1316 2198 impune
1334 2140 1497 2188 licebit
1578 2165 1585 2170 ·

305 2212 538 2261 aestivam
558 2229 779 2262 sermone
798 2214 1006 2272 benigno
1024 2214 1224 2262 tendere
1242 2214 1450 2261 noctem.
1510 2239 1515 2243 -
1572 2237 1599 2243 ··

305 2285 411 2342 Quo
430 2286 549 2334 mihi
567 2287 839 2345 fortunam,
860 2289 903 2334 si
922 2302 1020 2335 non
1039 2287 1325 2335 conceditur
1338 2285 1447 2334 uti?
1542 2322 1549 2325 v

302 2358 490 2408 Parcus
510 2360 571 2408 ob
588 2359 783 2408 heredis
803 2374 972 2408 curam
992 2359 1290 2417 nimiumque
1308 2364 1501 2406 severus
1602 2381 1611 2386 -

304 2433 493 2482 adsidet
510 2433 697 2482 insane.
760 2433 938 2482 Potare
959 2436 1010 2482 et
1030 2449 1260 2491 spargere
1280 2432 1420 2480 fiores
1506 2468 1515 2471 -

840 2522 874 2558 Υ
887 2527 930 2559 12
969 2522 1133 2560 tortum

403 2580 509 2631 [245
529 2581 544 2628 ]
