2109 2975
219 401 274 446 50

217 781 271 827 55

218 2384 274 2427 75

725 211 1042 254 CARMINUM
1080 212 1164 255 111.
1189 221 1236 253 tv

440 311 678 367 Magnum
697 311 784 358 illa
801 312 1038 358 terrorem
1059 310 1292 359 intulerat
1311 309 1417 358 Iovi
1449 317 1452 322 “

437 385 589 432 fidens
608 385 835 433 iuventus
855 384 1052 433 horrida
1070 384 1324 442 bracchiis,

493 458 763 514 fratresque
782 458 1038 506 tendentes
1059 472 1207 514 opaco

553 531 720 580 Pelion
739 531 1022 589 imposuisse
1041 531 1263 587 Olympo.

442 620 536 669 Sed
554 621 669 678 quid
690 621 945 678 Typhoeus
964 622 1015 668 et
1033 620 1223 668 validus
1243 620 1437 678 Mimas,

439 697 524 742 aut
544 695 659 751 quid
678 694 855 742 minaci
873 693 1180 751 Porphyrion
1200 695 1353 750 statu,

496 768 610 824 quid
629 768 849 816 Rhoetus
869 767 1138 823 evulsisque
1155 766 1344 814 truncis

551 841 826 889 Enceladus
842 840 1081 890 iaculator
1099 840 1259 889 audax

437 941 608 988 contra
626 942 878 989 sonantem
898 939 1114 986 Palladis
1132 938 1309 995 aegida

441 1016 636 1070 possent
655 1015 853 1061 mentes
868 1015 889 1061 i>
944 1012 1079 1060 Hinc
1098 1011 1268 1059 avidus
1286 1012 1428 1059 stetit

495 1087 763 1144 Vulcanus,
783 1086 897 1134 hinc
915 1087 1143 1133 matrona
1161 1084 1286 1132 Iuno
1303 1086 1354 1132 et

549 1173 813 1217 numquam
832 1159 1010 1207 umeris
1029 1158 1276 1216 positurus
1296 1172 1481 1213 areum,

437 1259 520 1316 qui
537 1274 646 1309 rore
666 1274 790 1316 puro
811 1258 1053 1308 Castaliae
1073 1257 1194 1305 lavit

438 1333 592 1382 crines
613 1333 811 1389 solutos,
833 1332 916 1388 qui
935 1332 1112 1389 Lyciae
1129 1331 1269 1378 tenet

493 1406 692 1454 dumeta
711 1405 1018 1460 natalemque
1039 1404 1231 1462 silvam,

549 1479 719 1529 Delius
739 1478 789 1528 et
809 1478 1047 1526 Patareus
1067 1476 1257 1534 Apollo.

441 1579 529 1629 Vis
548 1579 717 1628 consili
736 1594 908 1636 expers
929 1577 1053 1625 mole
1072 1576 1173 1633 ruit
1194 1592 1282 1624 sua
1302 1597 1313 1624 ε

439 1653 537 1700 vim
557 1654 883 1709 temperatam
902 1652 952 1699 di
973 1665 1159 1708 quoque
1180 1647 1453 1706 provehunt

498 1727 549 1775 in
567 1726 752 1784 maius3
781 1726 909 1774 idem
929 1726 1072 1773 odere
1092 1726 1218 1772 vires

554 1814 693 1848 omne
712 1800 851 1847 nefas
872 1800 1031 1845 animo
1049 1798 1312 1845 moventes.

443 1898 598 1946 Testis
618 1914 836 1946 mearum
858 1897 1163 1945 centimanus
1184 1894 1315 1951 Gyas

444 1972 811 2029 sententiarum,
833 1972 980 2019 notus
999 1971 1049 2018 et
1069 1970 1289 2026 integrae

499 2046 768 2100 temptator
787 2044 935 2092 Orion
957 2044 1163 2101 Dianae,

553 2117 772 2176 virginea
790 2118 999 2165 domitus
1020 2118 1218 2173 sagitta.

441 2217 627 2264 Iniecta
646 2219 874 2264 monstris
894 2216 1049 2263 Terra
1069 2215 1198 2262 dolet
1216 2214 1316 2262 suis

444 2291 719 2345 maeretque
740 2292 910 2346 partus
929 2289 1134 2336 fulmine
1153 2288 1364 2335 luridum

498 2360 665 2407 missos
686 2361 747 2408 ad
768 2361 946 2409 Orcum
966 2380 978 2417 3
1010 2376 1098 2408 nec
1120 2360 1306 2416 peredit

551 2433 826 2487 impositam
849 2433 976 2481 celer
994 2434 1124 2489 ignis
1144 2434 1372 2489 Aetnam,

400 2575 418 2623 [
501 2576 515 2622 ]
738 2527 778 2559 69
817 2523 922 2564 gigas
936 2523 1041 2558 codd.
1056 2524 1230 2565 plerique

435 2589 480 2626 77
