2109 2975
741 198 1084 240 SATIRARUM
1113 199 1169 240 11.
1195 208 1215 239 1

292 313 402 346 cum
422 314 499 347 res
519 297 627 354 ipsa
643 297 770 346 feret
788 313 803 346 t
830 297 925 345 nisi
944 297 1117 345 dextro
1135 298 1366 353 tempore,
1389 295 1555 344 Flacci

291 366 440 419 verba
457 387 547 428 per
563 373 811 419 attentam
826 386 925 418 non
944 370 1087 418 ibunt
1108 369 1329 419 Caesaris
1350 385 1535 425 aurem,

214 464 269 494 20
291 446 368 492 cui
388 445 513 493 male
533 446 574 492 si
594 445 788 501 palpere
806 444 1087 492 recalcitrat
1107 443 1319 500 undique
1337 445 1498 491 tutus.

292 518 304 538 ⁶
321 518 516 574 Quanto
535 518 715 565 rectius
734 518 826 566 hoc
846 533 996 574 quam
1012 516 1147 564 tristi
1164 513 1355 564 laedere
1375 514 1522 564 'versu
1543 561 1548 564 Α

292 589 614 639 Pantolabum
635 607 853 639 scurram
875 589 1333 646 Nomentanumque
1354 592 1596 646 nepotem,

290 681 400 712 cum
420 664 510 712 sibi
530 666 728 721 quisque
747 665 907 721 timet,
930 677 1224 721 quamquam
1251 665 1326 711 est
1345 660 1578 720 intactus,
1598 659 1652 710 et

402 738 505 786 odit
522 742 535 786 Ξ
554 739 566 759 ’

291 812 418 869 Quid
437 812 646 859 faciam?
705 811 866 859 Saltat
888 807 1139 868 Milofflus,
1158 811 1216 858 ut
1233 810 1379 858 semel
1398 810 1498 858 icto

213 899 238 928 2
241 894 267 939 5
292 883 494 931 accessit
512 884 677 931 fervor
697 884 844 941 capiti
863 899 1190 939 numerusque
1209 883 1447 931 lucernis.

293 957 468 1004 Castor
485 957 665 1014 gaudet
685 956 834 1013 equis,
861 972 951 1004 ovo
970 958 1239 1013 prognatus
1259 956 1442 1004 eodem:

293 1030 468 1087 pugnis
486 1049 498 1087 ;
529 1031 646 1087 quot
666 1030 881 1086 capitum
901 1030 1092 1086 vivunt,
1113 1029 1317 1077 totidem
1338 1030 1611 1077 studiorum

293 1104 431 1151 milia
445 1119 463 1152 ε
485 1095 778 1161 mapedibus
800 1104 1009 1151 delectat
1031 1103 1256 1150 claudere
1277 1103 1428 1151 verba
1561 1101 1566 1106 ’

294 1176 450 1225 Lucili
468 1177 571 1224 ritu
588 1178 809 1224 nostrum
829 1176 1039 1223 melioris
1060 1176 1292 1231 utroque.

213 1268 271 1310 30
294 1250 384 1298 Ille
404 1250 540 1298 velut
558 1251 665 1298 fidis
683 1266 865 1298 arcana
885 1249 1126 1297 sodalibus
1146 1249 1260 1295 olim

294 1323 520 1371 credebat
538 1323 690 1379 libris,
711 1338 881 1379 neque,
905 1322 946 1368 si
965 1322 1092 1369 male
1112 1322 1340 1378 cesserat,
1363 1337 1567 1378 usquam

294 1397 551 1444 decurrens
571 1396 681 1453 alio,
702 1411 855 1452 neque
877 1396 916 1442 si
936 1395 1055 1442 bene
1073 1414 1086 1451 3
1118 1410 1211 1450 quo
1231 1395 1288 1441 fit
1308 1396 1365 1441 ut
1385 1396 1539 1442 omnis

294 1470 460 1518 votiva
477 1468 645 1526 pateat
665 1468 820 1516 veluti
839 1467 1084 1524 descripta
1102 1467 1286 1516 tabella

295 1543 399 1591 vita
437 1545 580 1591 senis.
622 1588 625 1589 γ
661 1543 845 1598 Sequor
880 1542 1028 1598 hunc,
1070 1542 1297 1588 Lucanus
1347 1558 1410 1588 an
1460 1542 1652 1597 Apulus

410 1631 586 1672 anceps
607 1636 619 1663 ι

212 1708 271 1754 35
296 1705 410 1736 nam
429 1688 705 1736 Venusinus
725 1689 835 1735 arat
856 1688 1000 1734 finem
1025 1687 1115 1733 sub
1135 1688 1397 1742 utrumque
1418 1685 1631 1742 colonus,

295 1763 469 1809 missus
489 1762 551 1808 ad
567 1762 676 1818 hoc,
696 1761 864 1817 pulsis,
885 1762 1028 1807 vetus
1047 1761 1122 1807 est
1142 1762 1200 1806 ut
1218 1761 1369 1816 fama,
1393 1758 1613 1814 Sabellis,

295 1850 389 1890 quo
407 1850 467 1882 ne
487 1851 575 1891 per
593 1850 801 1882 vacuum
822 1834 1046 1880 Romano
1067 1833 1338 1880 incurreret
1358 1832 1530 1889 hostis,
1661 1836 1664 1839 '

297 1909 395 1956 sive
416 1907 543 1964 quod
563 1907 726 1963 Apula
745 1922 862 1964 gens
883 1922 968 1953 seu
987 1907 1114 1962 quod
1134 1906 1350 1953 Lucania
1365 1904 1547 1952 bellum

296 1983 538 2029 incuteret
556 1980 784 2028 violenta.
846 1980 941 2027 Sed
959 1979 1038 2027 hic
1059 1978 1199 2026 stilus
1219 1978 1349 2026 haud
1369 1979 1503 2034 petet
1524 1977 1658 2024 ultro

217 2069 277 2110 40
298 2071 587 2113 quemquam
607 2055 904 2102 animantem
926 2055 976 2101 et
997 2069 1074 2100 me
1094 2053 1247 2100 veluti
1266 2052 1505 2100 custodiet
1524 2050 1653 2098 ensis

296 2129 474 2186 vagina
489 2128 650 2176 tectus
666 2147 678 2185 ς
707 2143 848 2184 quem
867 2143 953 2174 cur
971 2126 1270 2181 destringere
1291 2141 1435 2173 coner

297 2205 437 2250 tutus
458 2202 518 2249 ab
537 2201 728 2249 infestis
748 2201 1052 2248 latronibus?
1111 2199 1154 2247 Ο
1173 2201 1314 2255 pater
1332 2201 1382 2246 et
1402 2213 1490 2246 rex

299 2276 538 2332 Iuppiter,
567 2277 625 2321 ut
645 2277 810 2330 pereat
833 2274 1043 2330 positum
1069 2273 1286 2327 robigine
1306 2271 1477 2329 telum,
1497 2274 1502 2279 ’

299 2364 388 2396 nec
407 2349 659 2404 quisquam
679 2348 851 2394 noceat
870 2345 1183 2402 cupidomihi
1198 2344 1329 2400 pacis
1348 2348 1358 2391 1
1419 2344 1488 2390 At
1503 2343 1584 2390 illc

219 2431 276 2478 45
300 2422 382 2479 qui
401 2438 478 2470 me
497 2420 766 2476 commorit,
789 2420 979 2477 (melius
1000 2434 1099 2466 non
1113 2420 1332 2475 tangere,
1355 2417 1527 2472 clamo)

300 2496 432 2544 flebit
452 2498 501 2544 et
521 2494 725 2552 insignis
745 2495 852 2541 tota
873 2492 1156 2541 cantabitur
1176 2492 1314 2539 urbe.

399 2568 414 2614 [
435 2568 537 2617 199]
