2109 2975
450 901 547 999 Q.
614 900 1061 983 HORATI
1123 889 1532 983 FLACCI

629 1076 833 1148 ARS
917 1077 1365 1148 POETICA

437 1232 684 1281 UMANO
706 1232 854 1289 capiti
875 1234 1112 1281 cervicem
1134 1234 1291 1290 pictor
1311 1233 1535 1290 equinam

461 1307 659 1363 iungere
679 1307 720 1353 si
740 1306 875 1363 velit,
897 1309 947 1354 et
967 1308 1130 1354 varias
1151 1307 1379 1355 indueere
1399 1307 1591 1364 plumas

321 1379 533 1436 undique
552 1379 740 1427 collatis
762 1379 1007 1437 membris,
1030 1381 1089 1426 ut
1109 1380 1323 1436 turpiter
1342 1382 1507 1428 atrum

322 1453 512 1501 desinat
532 1453 583 1500 in
604 1453 781 1510 piscem
803 1452 977 1501 mulier
997 1452 1213 1502 formosa.
1233 1468 1456 1513 superne,

272 1534 300 1581 5
323 1528 598 1582 spectatum
618 1527 816 1575 admissi
834 1527 987 1574 risum
1008 1528 1234 1585 teneatis,
1256 1524 1434 1576 amici?

323 1600 533 1657 Credite,
555 1600 772 1658 Pisones,
792 1601 875 1648 isti
894 1600 1092 1648 tabulae
1112 1601 1217 1648 fore
1236 1600 1415 1649 librum

323 1673 614 1730 persimilem
635 1674 788 1733 cuius,
810 1674 947 1723 velut
967 1675 1102 1732 aegri
1123 1674 1325 1732 somnia,
1347 1690 1500 1723 vanae

322 1748 570 1804 fingentur
589 1748 787 1805 speeies,
803 1750 862 1795 ut
879 1763 968 1797 nec
989 1763 1074 1805 pes
1094 1763 1182 1796 nee
1202 1750 1350 1804 eaput
1368 1748 1455 1795 uni

322 1821 558 1868 reddatur
576 1821 776 1870 formae.
837 1821 850 1844 ‘
867 1821 1140 1870 Pictoribus
1161 1824 1309 1878 atque
1328 1821 1481 1876 poetis

246 1907 302 1938 10
323 1893 556 1951 quidlibet
577 1895 785 1943 audendi
804 1909 992 1952 semper
1011 1894 1109 1942 fuit
1131 1908 1285 1950 aequa.
1303 1893 1552 1950 potestas:

325 1967 531 2024 Scimus,
571 1970 622 2015 et
660 1968 786 2015 hane
824 1968 1015 2016 veniam
1065 1968 1368 2024 petimusque
1415 1965 1678 2023 damusque
1778 2000 1789 2009 .

437 2040 677 2097 vicissim3

325 2114 411 2161 sed
429 2129 527 2162 non
547 2116 603 2162 ut
622 2113 822 2171 placidis
843 2118 1015 2163 coeant
1034 2115 1258 2171 immitia,
1279 2128 1377 2162 non
1396 2116 1455 2161 ut

327 2189 573 2243 serpentes
594 2188 763 2236 avibus
781 2188 1108 2244 geminentur,
1129 2187 1337 2245 tigribus
1358 2186 1489 2244 agni

327 2260 544 2319 Inceptis
564 2261 794 2316 gravibus
818 2260 1102 2316 plerumque
1122 2262 1173 2308 et
1193 2275 1374 2318 magna
1394 2257 1622 2316 professis

250 2344 305 2391 15
329 2348 617 2391 purpureuS,
638 2334 738 2382 late
758 2333 839 2390 qui
860 2332 1126 2390 splendeat,
1148 2348 1274 2380 unus
1294 2335 1344 2381 et
1364 2333 1491 2381 alter

328 2407 552 2455 adsuitur
571 2423 778 2465 pannus,
799 2423 909 2456 cum
929 2408 1069 2455 lucus
1089 2408 1139 2455 et
1159 2422 1247 2454 ara.
1267 2406 1456 2454 Dianae

328 2482 379 2528 et
399 2481 704 2542 properantis
724 2496 879 2537 aquae
899 2495 986 2536 per
1005 2494 1232 2528 amoenos
1252 2478 1465 2528 ambitus
1487 2494 1646 2536 agros,

425 2555 441 2602 [
462 2566 532 2602 291
552 2556 567 2601 ]
1449 2553 1463 2599 [
1482 2562 1511 2591 R
1530 2567 1552 2591 2
1571 2553 1586 2599 ]
