2109 2975
881 210 884 213 <
976 183 1198 224 HORATI

338 295 386 343 15
410 282 654 341 incipiam,
677 281 932 340 patiarque
952 281 1029 330 vel
1048 279 1352 331 inconsultus
1372 279 1555 329 haberi.

413 357 540 415 Quid
559 374 656 406 non
677 357 885 405 ebrietas
906 356 1178 414 dissignat?
1236 355 1421 413 Operta
1440 353 1664 409 recludit,

412 446 519 488 spes
538 431 672 479 iubet
692 446 795 480 esse
814 434 968 490 ratas,
990 430 1053 478 ad
1074 428 1259 496 proelia
1276 428 1435 477 trudit
1452 428 1688 479 inertem:

411 504 625 554 sollicitis
645 504 821 554 animis
839 520 961 554 onus
981 504 1168 561 eximit,
1189 502 1393 552 addocet
1411 503 1560 550 artes.

412 578 628 629 Facundi
648 578 818 629 calices
839 594 981 635 quem
1001 593 1098 625 non
1118 579 1279 627 fecere
1299 576 1571 625 disertum?

334 672 390 703 20
413 651 681 701 Contracta
698 667 841 710 quem
860 653 1025 703 nonin
1045 652 1336 714 paupertate
1355 649 1596 700 solutum?

409 725 547 776 Haec
566 741 655 784 ego
673 740 933 784 procurare
953 727 1002 775 et
1021 725 1219 773 idoneus
1237 725 1449 780 imperor
1467 724 1519 770 et
1538 736 1634 775 non

406 799 608 857 invitus,
630 816 691 849 ne
710 801 857 857 turpe
875 799 1021 857 toral,
1045 814 1107 847 ne
1128 798 1322 846 sordida
1341 812 1522 853 mappa

409 875 636 932 corruget
655 889 816 931 nares,
838 888 899 921 ne
919 887 1016 920 non
1036 874 1088 920 et
1108 870 1375 920 cantharus
1395 872 1446 919 et
1459 870 1577 918 lanx

410 947 634 998 ostendat
653 947 744 995 tibi
762 948 830 1003 te,
852 961 913 1000 ne
933 946 1052 993 fidos
1072 946 1203 994 inter
1221 944 1399 993 amicos

332 1037 387 1081 25
411 1020 477 1067 sit
496 1021 579 1078 qui
598 1021 733 1070 dicta
749 1020 882 1067 foras
902 1018 1136 1075 eliminet,
1157 1020 1215 1066 ut
1235 1020 1372 1066 coeat
1392 1032 1483 1074 par

408 1094 733 1152 iungaturque
751 1091 875 1149 pari.
934 1092 1147 1139 Butram
1166 1092 1256 1139 tibi
1277 1091 1649 1147 Septiciumque,
1674 1111 1680 1116 ·

409 1170 458 1214 et
477 1167 570 1215 nisi
590 1182 709 1215 cena
729 1166 861 1222 prior
879 1165 1131 1222 potiorque
1151 1165 1312 1222 puella
1333 1164 1564 1212 Sabinum

407 1242 608 1299 detinet,
630 1241 915 1289 adsumam.
905 1260 915 1272 ·
945 1240 1078 1288 locus
1099 1241 1174 1287 est
1194 1241 1244 1288 et
1264 1240 1482 1296 pluribus
1501 1238 1712 1285 umbris:

409 1315 494 1363 sed
513 1314 656 1361 nimis
676 1315 788 1361 arta
806 1315 1037 1370 premunt
1055 1313 1212 1364 olidae
1233 1313 1451 1362 convivia
1470 1328 1660 1368 caprae.

329 1404 386 1447 30
410 1388 488 1436 Tu
507 1388 683 1443 quotus
703 1402 807 1435 esse
826 1387 943 1435 velis
963 1387 1189 1445 rescribe,
1209 1389 1261 1435 et
1279 1386 1423 1435 rebus
1443 1384 1629 1467 omissis

408 1460 535 1511 atria
554 1462 831 1511 servantem
850 1460 1037 1518 postico
1054 1460 1174 1510 falle
1192 1460 1432 1511 clientem.

1047 1649 1125 1696 VI

404 1755 516 1803 NH,
537 1754 770 1807 admirari
790 1770 938 1812 prope
959 1771 1035 1805 res
1056 1757 1132 1803 est
1152 1771 1267 1812 una,
1291 1753 1504 1810 Numici,

407 1824 618 1884 solaque,
640 1841 763 1883 quae
782 1825 933 1883 possit
953 1826 1116 1874 facere
1135 1827 1184 1875 et
1206 1840 1397 1874 servare
1417 1824 1628 1873 beatum.

406 1897 556 1947 Hunc
573 1897 723 1946 solem
742 1899 793 1947 et
813 1899 979 1949 stellas
1000 1899 1050 1946 et
1070 1897 1352 1949 decedentia
1370 1898 1514 1947 certis

404 1970 626 2027 tempora
645 1971 900 2021 momentis
922 1973 1037 2021 suut
1056 1970 1140 2028 qui
1158 1970 1415 2022 formidine
1435 1971 1572 2021 nulla
1610 2015 1616 2020 .

355 2061 382 2110 5
403 2042 580 2091 imbuti
600 2046 820 2104 spectent
840 2066 851 2093 ι
883 2045 998 2102 quid
1018 2059 1182 2093 censes
1202 2060 1406 2097 munera
1423 2046 1602 2100 terrae,

404 2115 521 2172 quid
542 2116 690 2165 maris
709 2120 951 2176 extremos
970 2116 1164 2165 A-rabas
1184 2118 1387 2166 ditantis
1406 2120 1458 2167 et
1477 2118 1642 2172 Indos,

404 2188 592 2239 ludicra
609 2190 742 2250 quid,
764 2190 965 2250 plausus
985 2192 1036 2239 et
1055 2191 1202 2240 amici
1219 2192 1347 2241 dona
1367 2191 1586 2248 Quiritis,

403 2276 497 2318 quo
517 2264 782 2321 spectanda
799 2263 955 2322 modo,
978 2279 1073 2320 quo
1092 2279 1237 2313 sensu
1257 2264 1410 2315 credis
1429 2265 1483 2315 et
1498 2268 1618 2315 ore?

405 2334 499 2392 Qui
517 2336 658 2383 timet
678 2336 752 2383 his
772 2337 978 2384 adversa
997 2337 1102 2385 fere
1121 2337 1328 2386 miratur
1347 2338 1513 2387 eodem

328 2427 381 2458 10
403 2424 496 2466 quo
516 2409 713 2467 cupiens
732 2411 876 2467 pacto
895 2427 908 2465 3
940 2425 1091 2465 pavor
1110 2412 1184 2456 est
1205 2410 1458 2468 utrobique
1478 2411 1725 2467 molestUS,
1746 2415 1752 2420 ’
1786 2450 1796 2460 ,

958 2502 1000 2534 16
1039 2499 1221 2542 designat

496 2557 513 2604 t
532 2557 635 2607 246]
