2109 2975
729 210 1140 256 EPISTULARUM
1175 216 1207 257 I.
1235 225 1283 255 m

321 314 526 368 Invidus
550 308 752 363 alterins
772 308 1027 363 maereseit
1047 307 1193 362 rebus
1213 313 1385 371 opimis
1403 334 1414 361 ε

321 390 506 438 invidia
526 389 674 437 Siculi
694 403 791 437 non
810 383 1040 436 invenere
1059 389 1260 445 tyranni
1592 448 1599 452 ,

322 464 480 511 maius
501 464 816 511 tormentum.
876 462 971 519 Qui
989 476 1088 509 non
1107 461 1436 509 moderabitur
1452 461 1554 509 irae

237 532 300 578 60
322 537 560 584 infectum
580 535 713 584 volet
729 551 832 584 esse
851 535 987 583 dolor
1005 535 1132 592 quod
1153 536 1359 583 suaserit
1378 537 1429 583 et
1449 549 1601 593 mens,

321 612 440 659 dum
460 624 639 667 poenas
658 610 766 658 odio
785 624 873 666 per
892 602 990 656 vi'm
1010 609 1214 657 festinat
1232 608 1403 657 inulto.

320 685 408 732 Ira
426 684 569 732 furor
586 682 745 731 brevis
765 684 841 731 est
862 702 873 730 ε
903 682 1122 730 animum
1140 696 1272 740 rege,
1296 681 1378 738 qui
1397 681 1490 729 nisi
1509 683 1649 739 paret

319 759 531 816 imperat
550 776 563 815 3
591 755 722 805 hunc
742 749 912 813 frenis,
933 756 1067 804 hune
1086 757 1144 803 tu
1164 769 1408 812 compesce
1429 757 1618 803 catena.

321 830 492 889 Fingit
511 844 690 887 equum
710 829 884 878 tenera
901 829 1105 877 docilem
1127 829 1313 877 cervice
1332 830 1573 885 magister·

236 903 295 958 65
319 905 393 953 ire
410 904 540 951 viam
560 918 657 960 qua
676 904 918 951 monstret
937 918 1083 959 eques
1104 921 1117 960 3
1151 902 1418 960 venaticus,
1439 916 1500 949 ex
1520 916 1615 957 quo

318 979 537 1034 tempore
556 976 804 1024 cervinam
824 975 999 1032 pellem
1020 975 1227 1023 latravit
1247 975 1298 1022 in
1317 975 1448 1033 aula,

320 1051 503 1100 militat
521 1050 572 1097 in
591 1049 725 1097 silvis
744 1048 953 1097 catulus.
1014 1048 1162 1097 Nune
1182 1048 1353 1097 adhibe
1373 1063 1497 1106 puro

322 1126 518 1182 pectore
538 1121 687 1170 verba
706 1138 843 1180 puer,
865 1138 996 1170 nune
1014 1123 1066 1169 te
1085 1122 1364 1170 melioribus
1383 1122 1521 1170 offer.

323 1197 431 1254 Quo
452 1196 597 1244 semel
616 1197 691 1243 est
709 1195 900 1243 imbuta
917 1209 1086 1243 recens
1107 1194 1321 1262 servabit
1338 1195 1533 1243 odorem

238 1284 300 1329 70
322 1266 455 1319 teste.
472 1270 571 1318 diu.
631 1268 811 1327 Quodsi
831 1283 987 1316 cessas
1007 1271 1095 1316 aut
1116 1271 1343 1316 strenuus
1364 1269 1538 1325 anteis,

321 1360 410 1394 nee
429 1346 626 1393 tardum
647 1343 870 1400 opperior
887 1358 976 1391 nec
996 1342 1394 1400 praecedentibus
1414 1343 1559 1389 insto.

959 1523 1041 1570 III

320 1633 450 1681 Ium
470 1631 681 1688 FLomn,
704 1631 877 1688 quibus
895 1632 1142 1679 terrarum
1162 1629 1339 1678 militet
1359 1628 1457 1677 oris

321 1706 555 1755 CIandius
575 1705 790 1763 Augusti
808 1705 1081 1764 privignus,
1103 1704 1225 1752 seire
1243 1703 1428 1752 laboro.

321 1779 577 1827 Thracane
597 1793 684 1826 vos
710 1778 999 1834 Hebrusque
1018 1777 1166 1824 nivali
1187 1774 1414 1833 compede
1432 1777 1641 1836 vinetus,

322 1867 386 1900 an
406 1852 537 1899 freta
554 1851 736 1898 vicinas
754 1851 886 1898 inter
904 1849 1152 1897 currentia
1169 1850 1347 1906 turres,

272 1941 297 1986 5
322 1940 385 1972 an
406 1924 609 1983 pingues
627 1923 774 1971 Asiae
794 1922 951 1979 campi
971 1921 1206 1978 collesque
1227 1922 1517 1969 morantur?

321 1997 447 2055 Quid
468 1996 684 2045 studiosa
702 1995 869 2045 cohors
895 2010 1094 2052 operum
1124 1994 1300 2042 struit?
1354 1993 1463 2042 Hoc
1488 2007 1674 2050 quoqne
1720 2002 1729 2007 “

433 2084 563 2118 euro.

321 2144 438 2202 Quis
459 2142 549 2190 sibi
568 2159 645 2191 res
664 2145 828 2200 gestas
848 2142 1064 2200 Augusti
1083 2140 1292 2189 seribere
1313 2140 1496 2188 sumit?

320 2217 460 2266 Bella
478 2217 584 2274 quis
603 2219 655 2265 et
673 2231 818 2273 paces
838 2215 1037 2273 longum
1059 2214 1291 2262 diffundit
1310 2214 1361 2261 in
1380 2229 1555 2262 aevum
1571 2217 1592 2260 Ρ

320 2291 449 2349 Quid
469 2289 644 2347 Titius,
665 2290 888 2338 Romana
904 2288 1040 2336 brevi
1060 2290 1296 2336 venturus
1315 2287 1368 2335 in
1387 2289 1507 2335 ora?

249 2385 298 2416 10
321 2362 566 2412 Pindarici
586 2363 734 2411 fontis
754 2363 952 2419 quinon
972 2361 1208 2419 expalluit
1225 2361 1448 2418 haustus,

321 2438 541 2487 fastidire
559 2438 695 2485 lacus
716 2438 766 2484 et
786 2436 913 2483 rivos
935 2451 1084 2484 ausus
1104 2436 1314 2491 apertos,

322 2513 393 2560 Ut
414 2511 579 2559 valet?
608 2512 665 2557 ut
686 2510 906 2557 meminit
928 2510 1117 2557 nostri?
1176 2508 1437 2556 Fidibusne
1459 2508 1648 2555 Latinis

418 2585 434 2631 [
454 2597 530 2634 243
547 2584 566 2631 1
