2109 2975
1033 206 1260 248 HORATI

466 307 524 353 ut
543 306 712 355 vinosa
729 301 919 362 glomus
938 303 1153 351 furtivae
1172 304 1382 362 Pyrrhia
1400 303 1559 360 lanae,

391 390 442 436 15
466 381 523 426 ut
538 394 649 427 cum
669 377 859 434 pilleolo
877 377 1032 426 soleas
1052 377 1257 425 conviva
1273 377 1485 426 tribulis.
1535 417 1541 421 ,

468 452 543 499 Ne
563 450 709 508 vulgo
727 465 899 498 narres
917 452 968 498 te
990 451 1238 499 sudavisse
1257 451 1460 499 ferendo

467 524 700 581 carmina,
722 538 844 581 quae
865 524 1052 580 possint
1074 524 1236 573 oculos
1257 539 1494 582 auresque
1513 524 1695 572 morari

468 597 708 654 Caesaris,
729 598 899 645 oratus
919 597 1079 645 multa
1096 612 1239 654 prece
1256 597 1414 646 nitere
1434 612 1594 654 porro.

468 671 623 728 Vade,
644 670 769 729 vale,
793 685 909 719 cave
927 685 989 719 ne
1007 670 1192 720 titubes
1213 671 1539 729 mandataque
1557 671 1777 728 frangas.

1079 856 1203 904 XIV

467 964 669 1013 Vuacm
690 961 924 1011 silvarum
944 964 995 1011 et
1017 962 1136 1010 mihi
1155 978 1231 1011 me
1252 963 1500 1011 reddentis
1519 963 1683 1020 agelli,

467 1052 610 1094 quem
628 1039 689 1084 tu
707 1035 901 1084 fastidis
920 1035 1200 1084 habitatum
1219 1037 1431 1094 quinque
1450 1036 1571 1085 focis
1591 1037 1643 1085 et

467 1111 682 1168 quinque·
698 1110 849 1158 bonos
869 1109 1067 1158 solitum
1088 1111 1290 1159 Variam
1310 1110 1557 1160 dimittere
1575 1113 1758 1168 patres,

470 1182 712 1229 certemus
732 1179 897 1235 spinas
918 1179 1141 1227 animone
1163 1194 1254 1236 ego
1273 1179 1448 1227 fortius
1466 1195 1531 1227 au
1550 1182 1610 1228 tu

421 1263 448 1310 5
468 1252 647 1302 evellas
665 1265 802 1310 agro,
823 1253 874 1299 et
893 1252 1064 1301 melior
1083 1253 1148 1300 sit
1168 1251 1405 1300 Horatius
1424 1268 1490 1301 an
1509 1268 1603 1302 res.

469 1327 553 1375 Me
573 1325 790 1383 quamvis
811 1325 1010 1374 Lamiae
1029 1326 1186 1383 pietas
1206 1328 1258 1374 et
1278 1342 1395 1374 cura
1414 1329 1637 1375 moratur

467 1400 677 1448 fratrem
697 1399 974 1456 maerentis,
996 1401 1141 1456 rapto
1160 1400 1221 1448 de
1238 1399 1396 1447 fratre
1416 1399 1624 1448 dolentis

468 1472 803 1531 insolabiliter,
825 1473 990 1520 tamen
1008 1471 1137 1521 istuc
1158 1488 1294 1521 mens
1313 1472 1597 1530 animusque

469 1548 571 1596 fert
588 1549 638 1596 et
657 1549 792 1595 amat
812 1546 981 1603 spatiis
1000 1545 1250 1594 obstantia
1267 1562 1491 1604 rumpere
1512 1547 1744 1595 claustra.

396 1639 450 1671 10
469 1621 606 1669 Rure
625 1635 714 1676 ego
732 1620 992 1676 viventem,
1013 1620 1074 1666 tu
1092 1620 1210 1667 dicis
1228 1620 1280 1667 in
1299 1620 1418 1668 urbe
1437 1621 1653 1669 beatum.

471 1694 563 1744 Cui
582 1693 742 1750 placet
762 1692 981 1749 alterius,
1003 1708 1094 1741 sua
1113 1693 1345 1741 nimirum
1365 1696 1441 1743 est
1460 1694 1570 1743 odio
1589 1708 1707 1741 sors.

469 1767 663 1816 Stultus
677 1768 880 1822 uterque
895 1765 1052 1814 locum
1065 1767 1363 1817 immeritum
1378 1769 1611 1817 causatur
1624 1766 1787 1823 inique
1802 1786 1813 1819 ε

470 1843 520 1889 in
540 1840 684 1897 culpa
702 1842 777 1889 est
796 1841 1003 1899 animae,
1025 1842 1108 1898 qni
1130 1858 1179 1890 se
1199 1857 1297 1890 non
1315 1841 1492 1899 effugit
1510 1855 1758 1898 umquam.

471 1915 549 1962 Tu
567 1914 883 1962 mediastinus
903 1915 1057 1963 tacita
1078 1931 1220 1973 prece
1239 1931 1360 1964 rura
1377 1914 1593 1972 petebas,

393 1997 446 2044 15
469 2002 600 2035 nunc
620 1987 789 2036 urbem
808 1990 859 2035 et
878 1987 1016 2037 ludos
1037 1991 1089 2037 et
1106 1990 1284 2037 balnea
1301 1988 1472 2037 vilicus
1491 1990 1632 2046 optas
1649 2006 1662 2043 ς

469 2075 545 2108 me
565 2063 788 2109 constare
805 2060 923 2109 mihi
943 2063 1051 2120 scis,
1074 2066 1125 2111 et
1145 2062 1386 2111 discedere
1404 2062 1596 2110 tristem

469 2133 864 2192 quandocumque
885 2136 1087 2184 trahunt
1108 2137 1265 2184 invisa
1282 2137 1478 2194 negotia
1497 2135 1721 2182 Romam.

470 2208 582 2256 Non
602 2208 769 2257 eadem
787 2209 1052 2266 miratum-3
1086 2224 1144 2257 eo
1163 2209 1463 2258 disconvenit
1481 2208 1612 2257 inter

468 2296 638 2338 meque
658 2285 707 2330 et
727 2285 805 2330 te:
835 2298 948 2331 nam
969 2298 1093 2339 qnae
1113 2282 1306 2330 deserta
1323 2284 1376 2330 et
1393 2281 1641 2338 inhospita
1650 2283 1824 2338 tesqua

391 2372 450 2405 20
469 2354 639 2413 credis,
662 2370 864 2404 amoena
882 2358 1025 2404 vocat
1045 2370 1235 2404 mecum
1255 2355 1339 2412 qui
1358 2355 1525 2411 sentit,
1546 2355 1597 2402 et
1615 2353 1718 2402 odit

467 2443 591 2487 quae
608 2432 666 2477 tu
682 2429 887 2487 pulchra
898 2431 1061 2486 putas,
1122 2428 1302 2476 Fornix
1314 2428 1405 2476 tibi
1420 2430 1471 2476 et
1482 2429 1635 2476 uncta
1646 2427 1827 2483 popina

467 2505 715 2551 incutiunt
735 2503 868 2550 urbis
888 2502 1196 2559 desiderium,
1216 2502 1370 2559 video,
1390 2504 1441 2549 et
1461 2502 1588 2558 quod
1714 2513 1719 2517 ·

568 2577 588 2624 i
606 2579 676 2626 ²⁵8
695 2579 710 2625 l
