2109 2975
764 174 1175 217 EPISTULARUM
1212 175 1273 217 11.
1299 183 1313 214 ι

363 287 579 323 crescere
598 288 673 321 res
695 273 873 330 posset,
894 272 1049 321 minui
1076 273 1308 322 damnosa
1328 271 1489 322 libido.

363 345 581 394 Mutavit
599 347 813 395 mentem
832 345 1039 403 populus
1057 345 1178 396 levis
1197 347 1249 395 et
1267 345 1395 396 calet
1413 361 1512 395 uno

364 419 603 468 scribendi
623 419 814 477 studi03
846 419 983 477 pueri
1004 421 1262 477 patresque
1282 420 1437 469 severi

262 507 344 541 no
362 492 533 541 fronde
552 508 713 542 comas
732 493 884 542 vincti
903 496 1082 542 cenant
1100 496 1150 543 et
1169 494 1388 543 carmina
1406 493 1610 543 dictant.

364 567 477 625 Ipse
496 582 601 624 ego,
622 567 704 623 qui
723 567 882 616 nullos
901 581 980 616 me
999 568 1207 616 adfirmo
1225 567 1434 617 scribere
1454 583 1621 618 versus

361 639 581 689 invenior
600 640 797 689 Parthis
817 640 1109 699 mendacior,
1129 643 1181 690 et
1199 641 1335 698 prius
1354 643 1463 690 orto

365 713 463 761 sole
482 713 601 770 vigil
622 713 862 762 calamum
883 716 933 762 et
954 714 1152 764 chartas
1172 716 1222 763 et
1243 714 1423 765 scrinia
1441 730 1602 772 posco.

363 786 552 835 Navem
564 802 711 844 agere
721 787 924 844 ignarus
938 787 1077 836 navis
1086 787 1229 837 timet
1243 806 1258 846 3
1271 788 1559 838 abrotonum
1571 802 1719 846 aegro

261 873 282 905 ι
291 872 343 920 15
364 875 463 908 uon
478 860 626 909 audet
638 860 731 908 nisi
745 861 829 918 qui
839 861 1008 910 didicit
1028 862 1144 910 dare
1160 881 1172 920 ;
1194 862 1321 919 quod
1334 862 1628 911 medicorum
1641 863 1717 910 est

364 933 663 991 promittuut
681 933 854 983 medici
870 952 884 991 ;
913 935 1136 983 tractant
1155 934 1354 983 fabrilia.
1371 935 1527 984 fabri:

365 1006 619 1056 scribimus
637 1006 819 1056 indocti
839 1007 1063 1065 doctique
1083 1010 1310 1065 poemata
1328 1008 1526 1066 passim.

364 1078 464 1129 Hic
482 1095 617 1128 error
634 1082 801 1129 tamen
820 1082 871 1130 et
891 1080 1009 1128 levis
1028 1080 1149 1129 haec
1167 1080 1359 1129 insania
1376 1083 1585 1137 quantas

365 1153 575 1202 virtutes
593 1153 771 1202 habeat
791 1153 860 1202 sic
880 1153 1050 1210 collige
1072 1174 1082 1202 ε
1114 1153 1242 1202 vatis
1262 1169 1440 1203 avarus

262 1242 344 1275 120
364 1241 464 1276 non
482 1228 665 1276 temere
694 1229 770 1275 est
800 1227 1022 1284 animus3
1051 1242 1220 1275 versus
1248 1229 1401 1285 amat,
1427 1228 1519 1278 hoc
1538 1227 1703 1278 studet

477 1316 662 1357 unum;

365 1374 673 1432 detrimenta,
694 1373 838 1432 fugas
855 1387 1122 1431 servorum,
1144 1373 1368 1423 incendia
1388 1373 1515 1422 ridet
1534 1394 1546 1430 3

365 1464 463 1498 non
482 1448 707 1498 fraudem
728 1446 855 1497 socio
872 1462 1082 1505 puerove
1102 1447 1338 1506 incogitat
1357 1447 1509 1497 ullam

366 1523 549 1580 pupillo
560 1541 573 1580 3
602 1523 724 1570 vivit
745 1522 929 1579 siliquis
950 1523 1000 1571 et
1020 1537 1146 1579 pane
1167 1522 1377 1571 secundo
1394 1541 1409 1579 3

365 1596 566 1645 militiae
585 1612 879 1653 quamquam
899 1596 1037 1653 piger
1056 1598 1106 1643 et
1127 1595 1301 1653 maluS,
1322 1595 1457 1643 utilis
1476 1595 1602 1653 urbi,

261 1687 342 1733 125
366 1670 514 1718 sidus
532 1669 640 1729 hoc,
662 1670 826 1726 parvis
846 1684 1033 1727 quoque
1051 1668 1197 1717 rebus
1218 1684 1396 1726 magna
1413 1668 1586 1717 iuvari.

367 1743 435 1791 Os
454 1745 678 1792 tenerum
698 1743 836 1799 pueri
854 1743 1145 1800 balbumque
1165 1743 1312 1799 po‘e'ta
1329 1742 1527 1799 figurat,

364 1818 560 1873 torquet
578 1817 642 1864 ab
660 1816 878 1865 obscenis
897 1816 996 1864 iam
1017 1832 1148 1865 nunc
1168 1813 1468 1863 sermonibus
1489 1830 1673 1870 aurem,

366 1905 479 1938 mox
496 1889 645 1938 etiam
665 1892 834 1947 pectus
850 1889 1123 1948 praeceptis
1144 1889 1326 1937 format
1345 1887 1527 1945 amicis,

365 1962 646 2020 asperitatis
664 1964 716 2012 et
735 1963 943 2012 invidiae
964 1964 1211 2013 comctor
1229 1963 1281 2011 et
1298 1961 1401 2010 irae
1422 1980 1435 2018 3

258 2050 343 2093 130
365 2038 497 2085 mete
516 2036 654 2084 facta
670 2036 843 2094 refert,
864 2036 1072 2086 orientia
1092 2038 1314 2093 tempora
1332 2033 1460 2083 notis

363 2108 566 2157 instruit
584 2109 832 2167 exemplis,
852 2109 1044 2167 inopem
1065 2109 1252 2159 solatur
1271 2111 1322 2158 et
1339 2123 1557 2166 aegrum.

366 2182 528 2231 Castis
549 2198 660 2231 cum
680 2182 842 2240 pueris
862 2182 1035 2240 ignara
1053 2182 1219 2239 puella
1238 2181 1406 2230 mariti

365 2255 572 2304 disceret
591 2256 719 2305 uude
739 2271 922 2313 preces,
942 2257 1107 2304 vatem
1126 2255 1178 2303 ni
1197 2256 1345 2304 Musa.
1364 2253 1608 2304 dedisset?

366 2329 532 2379 Poscit
551 2343 690 2386 opem
711 2328 887 2377 chorus
906 2330 957 2378 et
977 2329 1254 2385 praesentis
1272 2328 1476 2377 numina
1501 2327 1670 2384 sentit,

257 2415 343 2461 135
368 2402 598 2450 caelestes
617 2401 847 2459 implorat
873 2417 1025 2458 aquas
1044 2400 1190 2450 docta
1209 2417 1349 2459 prece
1369 2400 1593 2457 blandus,

366 2475 548 2524 avertit
567 2474 774 2532 morbos,
796 2473 1057 2522 metuenda
1076 2473 1291 2530 pericula
1309 2473 1465 2532 pellit,

464 2548 569 2598 [277
588 2548 604 2596 ]
