2109 2975
798 171 907 214 ARS
941 171 1186 213 POETICA

205 281 293 326 230
314 270 418 325 aut,
441 269 558 317 dum
578 268 704 317 vitat
724 269 946 327 humum,
967 270 1120 319 nubes
1139 271 1190 319 et
1209 270 1375 318 inania
1395 272 1575 327 captet.

314 342 527 390 Effutire
547 342 676 391 leves
696 342 897 401 indigna
917 344 1190 401 Tragoedia
1209 359 1394 401 versus,

311 417 368 462 ut
388 415 528 463 festis
548 418 773 464 matrona
793 417 973 464 moveri
992 417 1126 465 iussa
1145 417 1329 474 diebus,

310 489 534 537 intererit
556 489 744 545 Satyris
764 489 964 545 paulum
981 490 1266 546 pudibunda
1284 491 1541 547 protervis.

312 561 423 609 Non
443 577 534 619 ego
552 561 782 610 inornata
800 564 850 611 et
869 563 1170 610 dominantia
1189 564 1386 611 nomina
1406 564 1560 612 solum

202 647 288 696 235
311 635 569 691 verbaque,
592 634 807 692 Pisones,
831 635 1117 691 Satyrorum
1138 636 1346 693 scriptor
1366 637 1538 686 amabo
1557 657 1570 694 ;

310 724 398 756 nec
419 709 486 757 sic
505 709 667 756 enitar
685 708 872 765 trag-ico
893 708 1088 756 differre
1109 709 1270 766 colori,

311 783 368 828 ut
389 781 508 828 nihil
527 780 723 830 intersit
743 782 975 829 Davusne
995 782 1226 838 loquatur
1244 784 1295 830 et
1315 783 1476 830 audax

310 855 513 911 Pythias
533 857 761 904 emuncto
781 855 975 903 lucrata
996 855 1190 903 Simone
1210 855 1471 914 talentum,

312 943 373 975 an
396 930 559 976 custos
578 928 888 985 famulusque
909 929 985 976 dei
1012 928 1203 976 Silenus
1224 929 1425 977 alumni.

202 1011 289 1055 240
313 1001 390 1048 Ex
410 1004 526 1050 noto
545 1002 714 1050 fictum
735 1018 932 1051 carmen
954 1016 1147 1058 sequar,
1168 1004 1226 1048 ut
1247 1001 1337 1048 sibi
1356 1000 1510 1057 quivis

311 1077 473 1131 speret
492 1075 638 1133 idem,
661 1075 801 1123 sudet
820 1075 1031 1122 multum
1051 1074 1335 1130 frustraque
1357 1073 1545 1121 laboret

310 1163 457 1194 ausus
476 1148 634 1196 idem:
664 1149 861 1195 tantum
883 1148 1029 1196 series
1048 1147 1370 1203 iuncturaque
1391 1146 1560 1204 pollet,
1618 1147 1621 1152 ’

307 1221 505 1267 tantum
526 1221 584 1269 de
605 1220 761 1269 medio
780 1222 986 1277 sumptis
1007 1221 1195 1269 accedit
1214 1220 1423 1269 honoris.

310 1292 453 1340 Silvis
474 1293 669 1341 deducti
689 1296 893 1341 caveant
913 1309 989 1341 me
1008 1294 1165 1342 iudice
1186 1293 1364 1350 Fauni,

202 1383 287 1430 245
311 1381 372 1414 ne
390 1365 526 1414 velut
546 1366 703 1413 innati
722 1366 880 1413 triviis
900 1382 958 1414 ac
979 1383 1133 1423 paene
1153 1367 1371 1415 forenses

309 1441 397 1486 aut
415 1440 618 1489 nimium
637 1440 820 1489 teneris
839 1439 1134 1489 iuvenentur
1153 1440 1371 1489 versibus
1392 1455 1641 1498 umquam,

308 1515 396 1561 aut
414 1514 666 1562 immunda
684 1517 882 1571 crepent
901 1514 1311 1571 ignominiosaque
1331 1515 1491 1571 dicta3

307 1587 623 1635 offenduntur
642 1588 771 1635 enim
791 1587 962 1644 quibus
981 1589 1057 1635 est
1076 1603 1227 1643 equus
1247 1589 1297 1635 et
1317 1590 1458 1644 pater
1476 1590 1528 1635 et
1547 1602 1643 1644 res,

309 1676 414 1720 nec,
437 1661 478 1709 si
497 1662 612 1719 quid
630 1662 767 1712 fricti
786 1662 952 1711 ciceris
973 1662 1150 1719 probat
1168 1663 1221 1710 et
1237 1662 1376 1710 nucis
1394 1663 1606 1719 emptor,

202 1749 287 1795 250
308 1735 473 1791 aequis
492 1736 736 1792 accipiunt
755 1736 929 1784 animis
949 1737 1193 1784 donantve
1213 1750 1405 1784 corona.

309 1809 509 1865 Syllaba
527 1809 672 1867 longa
691 1810 827 1858 brevi
846 1809 1064 1858 subiecta
1082 1811 1286 1857 vocatur
1303 1808 1509 1864 iambus,

309 1898 392 1938 pes
414 1883 539 1931 citus
560 1902 572 1938 ς
602 1883 730 1931 unde
749 1883 897 1931 etiam
918 1882 1157 1931 trimetris
1177 1897 1447 1930 accrescere
1468 1881 1612 1929 iussit

308 1971 482 2004 nomen
502 1955 718 2013 iambeis,
741 1971 851 2003 cum
872 1970 1011 2003 senos
1030 1955 1254 2003 redderet
1272 1953 1399 2001 ictus

309 2028 494 2084 primus
510 2030 572 2076 ad
592 2031 865 2077 extremum
881 2028 1050 2076 similis
1065 2028 1170 2075 sibi.
1231 2028 1345 2075 Non
1365 2026 1437 2074 ita
1459 2026 1663 2083 pridem,

203 2111 287 2158 255
309 2100 496 2148 tardior
514 2104 571 2148 ut
591 2101 737 2158 paulo
758 2100 1047 2158 graviorque
1066 2101 1257 2150 veniret
1276 2101 1341 2148 ad
1361 2115 1521 2156 aures,

311 2175 544 2229 spondeos
565 2175 759 2222 stabiles
779 2174 830 2221 in
850 2174 959 2222 iura
978 2176 1187 2231 paterna
1206 2173 1387 2229 recepit
1588 2172 1592 2177 '

310 2247 589 2295 commodus
607 2249 657 2294 et
678 2247 884 2305 patiens,
906 2262 1003 2294 non
1023 2249 1081 2294 ut
1102 2247 1161 2295 de
1181 2246 1293 2294 sede
1314 2246 1525 2294 secunda

310 2321 503 2369 cederet
522 2322 611 2367 aut
628 2323 804 2376 quarta
823 2320 1080 2369 socialiter.
1140 2320 1237 2367 Hic
1256 2323 1308 2369 et
1331 2319 1383 2365 in
1403 2318 1522 2367 Acci

311 2394 550 2441 nobilibus
569 2393 807 2441 trimetris
827 2396 1032 2450 apparet
1053 2409 1212 2450 rarus,
1233 2395 1284 2439 et
1304 2392 1438 2438 Enni

205 2471 288 2515 260
311 2467 361 2513 in
382 2483 605 2515 scaenam
625 2467 793 2514 missos
814 2482 923 2514 cum
946 2482 1123 2524 magno
1143 2466 1354 2523 pondere
1374 2479 1541 2513 versus

408 2540 513 2591 [299
533 2541 547 2588 ]
