2109 2975
997 186 1218 227 HORATI

434 301 531 332 non
552 285 647 333 alia
666 301 812 341 quam
831 301 929 341 qua
947 286 1191 343 Byzantia
1209 285 1374 341 putuit
1392 296 1522 333 orca.

435 359 544 407 Hoc
563 359 646 406 ubi
667 360 921 407 confusum
943 360 1091 407 sectis
1108 359 1343 407 inferbuit
1362 359 1525 407 herbis

436 432 731 490 Corycioque
751 448 890 481 croco
909 448 1134 489 sparsum
1154 433 1313 490 stetit,
1334 433 1534 489 insuper
1553 433 1700 481 addes

434 521 601 560 pressa
612 506 932 565 ¹Venafranae
950 508 1080 563 quod
1099 506 1220 555 baca
1238 506 1424 554 remisit
1443 506 1615 556 olivae.

354 596 410 637 70
434 578 624 626 Picenis
644 579 825 628 cedunt
844 580 999 637 pomis
1019 580 1246 628 Tiburtia
1265 595 1378 628 suco
1395 599 1408 636 3

433 668 547 700 nam
568 652 694 701 facie
710 656 982 710 praestant.
1043 654 1301 704 Venucula
1318 654 1544 702 convenit
1563 654 1668 702 ollis
1687 673 1702 711 ς

432 726 614 773 rectius
632 727 876 776 Albanam
895 729 1032 776 fumo
1051 727 1302 777 duraveris
1321 743 1482 775 uvam.

434 800 580 847 Hanc
598 815 687 859 ego
706 817 817 850 cum
836 801 993 859 maES,
1014 817 1107 858 ego
1125 802 1309 849 faecem
1330 801 1517 857 primus
1534 803 1585 849 et
1603 801 1744 857 allec,

433 872 617 929 primus
636 877 687 932 et
705 874 924 924 invenior
942 875 1081 932 piper
1099 874 1264 922 album
1284 890 1394 922 cum
1414 874 1514 921 sale
1533 874 1674 931 nigro

354 959 409 1006 75
433 946 672 995 incretum
692 949 827 1005 puris
847 948 1244 1005 circumposuisse
1263 947 1455 996 catillis·

434 1021 654 1070 Immane
672 1024 747 1079 est
766 1023 942 1071 vitium
963 1023 1081 1071 dare
1101 1022 1236 1070 milia
1253 1023 1398 1069 terna
1416 1022 1619 1070 macello

435 1098 738 1153 angustoque
757 1111 906 1154 vagos
925 1096 1078 1153 pisces
1098 1111 1273 1152 urgere
1291 1095 1471 1144 catino.

436 1168 620 1225 Magna
639 1170 801 1216 movet
821 1169 1070 1217 stomacho
1087 1168 1304 1227 fastidia,
1326 1184 1410 1217 seu
1431 1185 1552 1225 puer
1570 1168 1730 1216 unctis

436 1241 672 1288 tractavit
692 1242 890 1291 calicem
911 1241 1135 1290 manibus
1154 1243 1272 1290 dum
1291 1242 1430 1290 furta
1448 1242 1643 1299 ligurrit
1660 1260 1673 1298 3

358 1319 415 1361 80
436 1313 538 1361 sive
559 1314 723 1370 gravis
742 1315 899 1368 veteri
918 1316 1141 1364 craterae
1158 1315 1304 1363 limus
1325 1315 1562 1364 adhaesit.

436 1386 626 1434 Vilibus
644 1387 696 1435 in
716 1379 888 1447 scopis,
908 1388 961 1437 in
981 1389 1188 1448 mappis,
1207 1389 1259 1437 in
1278 1389 1416 1437 scobe
1436 1391 1648 1445 quantus

436 1461 658 1509 consistit
677 1464 936 1520 sumptus?
993 1462 1245 1521 Negleetis
1264 1462 1503 1521 flagitium
1521 1463 1708 1521 ingens.

440 1535 544 1582 Ten
562 1534 747 1592 lapides
766 1536 925 1585 varios
945 1537 1194 1585 lutulenta
1211 1537 1381 1586 radere
1400 1537 1564 1593 palma

437 1609 487 1656 et
508 1598 684 1664 Tyrias
703 1608 818 1656 dare
839 1609 1020 1663 circum
1038 1609 1203 1656 inluta
1219 1610 1400 1659 toralia
1415 1613 1591 1668 vestes,

360 1688 415 1740 85
438 1681 643 1728 oblitum
662 1683 846 1736 quanto
865 1697 1032 1731 curam
1052 1684 1395 1740 sumptumque
1415 1684 1650 1731 minorem

437 1754 556 1802 haec
574 1753 807 1811 habeant,
826 1755 968 1801 tanto
985 1755 1276 1810 reprehendi
1293 1756 1468 1805 iustius
1487 1757 1582 1805 illis

437 1842 558 1882 quae
577 1825 671 1873 nisi
691 1826 919 1875 divitibus
933 1830 1179 1883 nequeant
1198 1829 1479 1887 contingere
1496 1831 1673 1879 mensis
1689 1830 1731 1877 ?'

440 1901 595 1948 Docte
617 1900 745 1957 Cati,
766 1916 853 1956 per
872 1901 1133 1949 amicitiam
1155 1903 1382 1960 divosque
1400 1906 1621 1961 rogatus,

351 1972 357 1977 ’
440 1974 615 2020 ducere
635 1989 712 2021 me
732 1974 972 2032 auditum,
995 1990 1168 2032 perges
1188 1991 1506 2034 quocumque,
1528 1978 1788 2025 memento.

362 2067 420 2109 90
440 2046 571 2093 Nam
592 2047 811 2102 quamvis
831 2049 1030 2095 memori
1050 2050 1236 2097 referas
1250 2049 1369 2096 mihi
1386 2052 1583 2106 pectore
1594 2053 1791 2107 cuncta,

441 2135 538 2167 non
557 2122 723 2168 tamen
742 2121 983 2178 interpres
1002 2123 1295 2171 tantundem
1314 2123 1512 2173 iuveriS.
1566 2123 1707 2171 Adde

442 2195 632 2242 vultum
648 2195 963 2253 habitumque
975 2196 1199 2255 hominis,
1214 2213 1356 2254 quem
1368 2198 1426 2245 tu
1433 2197 1608 2246 vidisse
1619 2197 1793 2246 beatus

442 2285 538 2316 non
560 2269 724 2327 magni
743 2270 931 2326 pendis,
952 2271 1067 2326 quia
1085 2271 1292 2330 contigit
1310 2290 1323 2328 3
1351 2272 1405 2318 at
1423 2271 1543 2319 mihi
1560 2287 1679 2319 cura

442 2359 538 2390 non
560 2344 809 2393 mediocris
828 2343 971 2400 inest,
994 2343 1155 2391 fontes
1174 2347 1231 2391 ut
1252 2344 1384 2392 adire
1403 2346 1612 2393 remotos

365 2429 421 2476 95
444 2418 589 2473 atque
609 2417 805 2467 haurire
824 2431 996 2472 queam
1016 2417 1147 2464 vitae
1168 2421 1424 2475 praecepta
1443 2418 1631 2468 beatae.

545 2556 682 2608 [220]
