2109 2975
372 638 430 684 45

387 2290 440 2320 10

1018 174 1241 215 HORATI

565 276 637 324 Te
659 274 902 323 Cantaber
921 289 1018 321 non
1037 271 1152 322 ante
1173 270 1421 319 domabilis

563 348 830 403 Medusque
851 348 900 393 et
916 347 1086 404 Indus,
1104 347 1154 394 te
1175 344 1409 402 profugus
1432 341 1635 397 Scythes

619 420 845 477 miratur,
867 435 898 469 o
915 419 1076 468 tutela
1094 432 1321 475 praesens

678 491 851 541 Italiae
871 492 1185 548 dominaeque
1206 490 1409 536 Romae.

567 619 658 676 Te,
677 617 888 666 fontium
909 617 990 674 qui
1011 616 1136 664 celat
1155 614 1380 671 origines,

565 692 805 748 Nilusque
823 692 873 738 et
894 691 1086 746 Hister,
1106 690 1156 735 te
1176 688 1375 746 rapidus
1396 687 1573 744 Tigris,

621 766 674 812 te
693 763 917 812 beluosus
936 761 1018 818 qui
1036 759 1235 808 remotis

681 836 915 893 obstrepit
936 834 1156 882 Oceanus
1176 832 1447 888 Britannis,

566 964 617 1010 te
637 977 734 1009 non
753 958 974 1017 paventis
993 958 1171 1005 funera
1191 956 1377 1003 Galliae

569 1037 812 1091 duraeque
832 1032 979 1080 tellus
1006 1030 1145 1078 audit
1166 1029 1413 1085 Hiberiae,

623 1111 674 1157 te
694 1107 838 1162 caede
860 1104 1127 1164 gaudentes
1149 1101 1404 1160 Sygambri

681 1177 956 1237 compositis
975 1176 1274 1224 venerantur
1294 1174 1457 1222 armis.

1087 1396 1182 1447 XV

570 1512 835 1559 Pnonnus
855 1508 1099 1559 volentem
1118 1505 1300 1564 proelia
1325 1520 1403 1552 me
1422 1503 1553 1560 loqui

567 1586 724 1633 victas
743 1584 793 1632 et
812 1583 955 1631 urbes
973 1579 1215 1637 increpuit
1234 1578 1358 1636 lyra,

627 1673 689 1706 ne
708 1672 862 1715 parva
880 1654 1188 1713 Tyrrhenum
1209 1667 1296 1709 per
1315 1666 1494 1708 aequor

682 1730 792 1778 vela
811 1729 992 1777 darem.
1053 1726 1177 1784 Tua,
1200 1725 1395 1781 Caesar,
1416 1725 1552 1771 aetas

573 1861 740 1915 fruges
760 1857 810 1904 et
836 1854 965 1913 agris
985 1853 1180 1902 rettulit
1197 1851 1368 1899 uberes

573 1935 624 1980 et
645 1932 789 1988 signa
802 1931 968 1976 nostro
986 1926 1204 1975 restituit
1223 1924 1327 1972 Iovi

630 2004 833 2059 derepta
850 2001 1146 2050 Parthorum
1166 1997 1383 2055 superbis

685 2076 903 2133 postibus
922 2076 972 2123 et
991 2088 1199 2123 vacuum
1217 2070 1388 2118 duellis

574 2202 751 2249 Ianum
770 2198 959 2257 Quirini
981 2196 1154 2246 clausit
1174 2197 1224 2243 et
1244 2193 1459 2240 ordinem

573 2276 763 2322 rectum
783 2271 1018 2328 evaganti
1039 2270 1184 2335 frena
1194 2265 1419 2319 licentiae

631 2347 794 2395 iniecit
815 2344 1085 2399 emovitque
1106 2340 1273 2396 culpas
1371 2352 1380 2360 ⁴

688 2422 738 2468 et
758 2420 944 2466 veteres
963 2413 1209 2463 revocavit
1228 2413 1376 2470 artes,

1019 2499 1061 2531 49
1100 2494 1283 2537 paventes

562 2558 702 2609 [130]
