2109 2975
339 975 395 1018 30

335 2227 386 2256 JO

987 196 1207 237 HORATI

538 299 689 355 magis
710 296 907 353 relictis,
929 313 1042 353 non,
1066 298 1124 343 ut
1145 296 1288 352 adsit,
1311 294 1459 342 auxili

589 371 755 417 latura
774 370 882 426 plus
903 369 1253 425 praesentibus.

536 444 766 491 Libenter
785 442 874 491 hoc
894 444 944 490 et
963 458 1104 490 omne
1124 442 1415 490 militabitur

590 516 771 564 bellum
792 516 843 563 in
863 517 978 564 tuae
998 532 1133 572 spem
1152 515 1357 573 gratiae,

535 604 631 635 non
650 590 707 635 ut
726 589 938 638 iuvencis
958 589 1147 645 illigata
1165 587 1384 643 pluribus

591 662 758 709 aratra
776 662 1000 709 nitantur
1020 677 1143 719 mea,

534 750 742 791 pecusve
764 735 983 782 Calabris
1005 737 1120 782 ante
1141 735 1272 781 sidus
1294 732 1537 781 fervidum

589 808 791 856 Lucana
809 809 966 856 mutet
985 806 1193 865 pascuis,

532 897 686 937 neque
704 882 762 927 ut
782 880 978 937 superni
997 879 1115 927 villa
1134 880 1344 928 candens
1365 871 1564 926 Tusculi

590 955 789 1002 Circaea
808 954 984 1011 tangat
1005 952 1211 1001 moenia.

535 1028 662 1074 Satis
684 1043 920 1084 superque
941 1042 1016 1073 me
1035 1025 1311 1082 benignitas
1332 1026 1421 1072 tua

587 1101 795 1149 ditavit.
824 1100 957 1147 haud
977 1114 1230 1157 paravero,
1578 1137 1585 1143 .

531 1174 657 1231 quod
677 1174 764 1220 aut
784 1187 961 1219 avarus
983 1173 1039 1218 ut
1062 1171 1291 1219 Chremes
1310 1173 1445 1219 terra
1464 1184 1699 1252 premam,

589 1244 852 1294 discinctus
874 1245 961 1290 aut
980 1244 1178 1301 perdam
1197 1259 1362 1302 nepos·

1073 1428 1128 1476 Π

527 1539 756 1586 BEATUS
775 1537 875 1597 ille,
898 1537 981 1595 qui
1000 1535 1172 1595 procul
1191 1535 1415 1593 negotiis,

584 1614 641 1658 ut
661 1611 821 1669 prisca
838 1627 957 1669 gens
977 1609 1273 1667 mortalium,

527 1688 734 1742 paterna
751 1701 870 1733 rura
886 1684 1039 1732 bobus
1059 1684 1248 1731 exercet
1268 1682 1383 1739 suis,

584 1758 772 1807 solutus
792 1757 922 1807 omni
940 1757 1124 1815 fenore,

533 1848 686 1888 neque
707 1832 951 1881 excitatur
969 1831 1167 1878 classico
1186 1830 1323 1877 miles
1342 1828 1488 1886 truci,

583 1920 737 1961 neque
755 1903 920 1953 horret
937 1903 1121 1951 iratum
1141 1919 1291 1961 mare,

527 1979 781 2033 forumque
801 1977 926 2024 vitat
946 1978 996 2025 et
1017 1977 1225 2034 superba
1242 1976 1420 2023 civium

582 2050 910 2107 potentiorum
929 2050 1114 2103 limina.

525 2125 660 2180 Ergo
679 2124 766 2170 aut
786 2125 957 2172 adulta
973 2124 1150 2172 vitium
1171 2123 1435 2181 propagine

582 2197 705 2244 altas
726 2198 926 2245 maritat
945 2197 1165 2256 populos,

525 2273 611 2318 aut
630 2271 681 2318 in
699 2272 903 2324 reducta
920 2271 1046 2318 valle
1067 2269 1391 2325 mugientium

581 2345 858 2402 prospectat
878 2345 1102 2393 errantes
1121 2358 1311 2400 greges,

523 2418 811 2473 inutilesque
831 2416 955 2465 falce
975 2431 1136 2464 ramos
1156 2418 1417 2473 amputans

579 2489 817 2538 feliciores
837 2487 1027 2546 inserit,

508 2565 523 2612 [
545 2562 648 2619 ‚1381
702 2588 708 2595 ι
