2109 2975
348 1613 402 1643 10

347 2038 398 2082 15

344 2438 400 2468 20

1003 207 1226 249 HORA'H

659 306 1003 354 incontinentis
1024 322 1112 354 nec
1134 306 1264 364 Tityi
1283 306 1417 355 iecur

659 380 854 435 reliquit
874 380 990 435 ales,
1013 380 1255 436 nequitiae
1276 380 1471 428 additus

718 454 907 509 custos3
939 454 1209 500 amatorem
1229 454 1478 500 trecentae

775 525 1048 573 Pirithoum
1072 526 1297 574 cohibent
1318 528 1535 574 catenae.

1076 747 1123 794 V

655 851 843 897 CAELO
865 850 1120 898 tonantem
1137 850 1427 899 credidimus
1449 851 1613 900 Iovem

654 938 860 978 regnare
881 944 892 971 ε
925 939 1155 980 praesens
1176 924 1315 972 divus
1335 924 1595 972 habebitur

709 997 962 1054 Augustus
983 998 1185 1046 adiectis
1206 998 1460 1046 Britannis

763 1071 966 1127 imperio
983 1070 1307 1127 gravibusque
1328 1070 1507 1119 Persis.

652 1187 860 1235 Milesue
881 1187 1041 1235 Crassi
1062 1186 1264 1243 coniuge
1283 1187 1495 1234 barbara

651 1260 812 1316 turpis
832 1260 1037 1307 maritus
1059 1260 1182 1306 vixit
1201 1263 1251 1307 et
1272 1260 1544 1308 hostium-

709 1347 798 1389 pro
817 1333 951 1380 curia
969 1332 1243 1389 inversique
1264 1346 1420 1381 mores
1441 1337 1513 1381 i—

766 1405 1016 1453 consenuit
1038 1420 1312 1454 socerorum
1332 1406 1382 1453 in
1404 1406 1551 1453 armis

653 1523 742 1569 sub
763 1506 878 1581 rege
899 1522 1046 1573 Medo
1067 1522 1265 1569 Marsus
1290 1525 1341 1570 et
1361 1516 1570 1581 Apulus,

651 1591 935 1648 anciliorum
956 1599 1008 1643 et
1027 1596 1237 1642 nominis
1258 1598 1308 1644 et
1328 1597 1471 1653 togae

707 1668 884 1716 oblitus
903 1671 1223 1726 aeternaeque
1250 1669 1448 1727 Vestae,

762 1741 989 1795 incolumi
1010 1742 1125 1790 Iove
1146 1743 1195 1791 et
1223 1735 1343 1791 urbe
1364 1743 1553 1789 Roma?

652 1859 760 1908 Hoc
780 1861 976 1908 caverat
997 1875 1133 1909 mens
1154 1861 1356 1918 provida
1375 1859 1551 1916 Reguli

648 1933 972 1981 dissentientis
993 1934 1348 1983 condicionibus

687 2005 839 2054 foedis
859 2010 908 2054 et
929 2007 1149 2064 exemplo
1167 2008 1409 2057 trahentis

760 2081 1020 2136 perniciem
1040 2081 1237 2128 veniens
1257 2082 1308 2129 in
1328 2098 1520 2139 aevum,

648 2197 804 2244 sinon
823 2196 1005 2253 periret
1024 2197 1379 2246 immiserabilis

650 2272 844 2326 captiva
863 2270 1029 2326 pubes.
1093 2270 1244 2327 Signa
1263 2285 1351 2328 ego
1370 2270 1569 2318 Punicis

705 2343 865 2390 adfixa
884 2343 1096 2390 delubris
1117 2344 1167 2390 et
1188 2359 1326 2391 arma

761 2413 993 2461 militibus
1013 2415 1116 2461 sine
1135 2417 1296 2473 caede,
1318 2417 1457 2473 dixit,

599 2518 638 2548 15
678 2512 843 2552 exempli
861 2513 955 2547 coni.
972 2512 1097 2548 Bentl.
1141 2513 1316 2550 trahenti
1332 2514 1427 2549 coni.
1446 2513 1598 2550 Cantor.

522 2569 636 2618 [78]
