2109 2975
242 312 301 359 25

233 1671 287 1701 10

232 2085 283 2132 15

695 205 1012 270 CARMINUM
1043 210 1102 251 11.
1131 220 1217 261 xw,
1236 221 1294 253 xv

465 300 703 351 Absumet
721 304 860 354 heres
882 308 1105 356 Caecuba
1124 309 1315 369 dignior

462 378 659 424 servata
677 381 871 427 eentum
891 381 1107 429 clavibus
1126 385 1179 431 et
1198 399 1331 432 mero

515 449 673 507 tinget
700 454 1029 508 pavimentum
1049 457 1272 515 superbo,

572 523 853 581 pontificum
874 527 1059 584 potiore
1079 528 1225 580 cenis.

953 782 1049 831 XV

487 892 600 941 IAM
620 911 776 951 pauca
793 900 959 946 aratro
977 900 1147 957 iugera
1164 904 1324 960 regiae

485 967 633 1014 moles
653 968 940 1027 relinquent,
960 971 1171 1029 undique
1189 974 1335 1023 latius

542 1040 742 1088 extenta
760 1040 983 1090 visentur
997 1045 1210 1093 Lucrino

596 1115 772 1170 stagna
790 1113 916 1173 lacu,
939 1117 1259 1175 platanusque
1280 1121 1467 1170 caelebs

483 1235 672 1283 evincet
691 1236 846 1286 ulmos
863 1257 876 1296 ;
905 1241 1011 1287 tum
1030 1240 1234 1290 violaria
1252 1245 1302 1291 et
1397 1248 1402 1252 ’

484 1310 671 1365 myrtus
692 1311 741 1357 et
761 1312 916 1360 omnis
936 1314 1074 1370 copia.
1091 1315 1283 1363 narium

540 1385 772 1439 spargent
788 1385 979 1433 olivetis
999 1388 1194 1436 odorem

594 1454 836 1506 fertilibus
857 1457 1244 1520 domin0.priori;

481 1580 588 1627 tum
610 1580 765 1636 spissa
783 1581 931 1629 ramis
949 1582 1119 1632 laurea
1136 1584 1343 1635 fervidos

481 1653 706 1702 excludet
725 1654 869 1704 ictus,
928 1656 977 1703 N
979 1672 1042 1704 on
1062 1657 1135 1706 ita
1151 1659 1350 1708 Romuli

537 1728 889 1785 praescriptum
909 1732 960 1777 et
978 1730 1161 1780 intonsi
1180 1734 1379 1783 Catonis

592 1802 816 1857 auspiciis
836 1805 1150 1863 veterumque
1168 1823 1355 1857 norma.

480 1925 708 1974 Privatus
727 1927 822 1975 illis
843 1943 1014 1977 census
1033 1932 1143 1978 erat
1163 1931 1335 1990 breviS,

479 2014 729 2049 commune
747 2017 1007 2059 magnum:
1037 2004 1175 2053 nulla
1193 2004 1492 2063 decempedis

533 2074 720 2120 metata
738 2074 939 2137 privatis
957 2090 1158 2132 opacam

588 2147 803 2203 porticus
822 2148 1091 2205 excipiebat
1109 2150 1314 2211 Arcton,

473 2285 563 2318 nec
582 2270 842 2320 fortuitum
862 2289 1090 2330 spernere
1110 2278 1366 2333 caespitem

471 2344 602 2401 leges
621 2345 860 2404 sinebant,
881 2348 1059 2404 oppida
1076 2349 1265 2406 publico

531 2419 731 2474 sumptu
748 2418 968 2468 iubentes
987 2424 1039 2469 et
1059 2422 1259 2471 deorum

584 2491 769 2548 templa
788 2507 910 2540 novo
930 2494 1156 2544 decorare
1176 2512 1308 2544 saxo.

407 2561 424 2608 [
442 2563 521 2610 61]
