2109 2975
700 196 1036 238 SATIRARUM
1076 196 1134 237 ΙΙ.
1159 204 1239 236 vm

213 298 270 342 60
294 295 402 344 finis
419 296 470 343 ni
488 295 679 352 sapiens
699 294 768 343 sic
787 294 1123 343 Nomentanus
1143 294 1350 342 amicum

293 370 514 418 tolleret:
548 370 577 391 ‘⁶
598 371 727 427 Heu,
750 370 985 427 Fortuna,
1006 370 1114 427 quis
1135 371 1209 417 est
1228 367 1465 420 crudelior
1484 366 1534 413 in
1554 381 1641 414 nos

290 445 341 491 te
362 444 479 491 deus
494 446 513 492 1³
572 444 643 491 Ut
664 458 852 499 semper
867 443 1051 501 gaudes
1069 442 1271 494 illudere
1289 441 1432 490 rebus

290 516 512 563 humanis
534 520 544 563 1
565 516 595 537 '³
656 516 840 564 Varius
857 532 1038 573 mappa
1056 529 1356 572 compescere
1376 514 1526 561 risum

290 588 372 635 vix
391 590 601 646 poterat.
660 588 865 636 Balatro
883 589 1181 645 suspendens
1200 588 1362 634 omnia
1380 602 1514 643 naso,

209 661 265 716 65
293 661 323 683 “
340 663 477 711 Haec
497 664 573 710 est
592 662 808 711 condicio
826 662 1073 719 vivendi‚''
1099 661 1274 718 aiebat,
1298 660 1329 683 “
1344 676 1493 717 eoque

290 752 584 793 responsura
601 738 690 785 tuo
707 752 972 793 numquam
993 736 1068 783 est
1088 750 1178 791 par
1197 735 1331 781 fama
1349 733 1518 781 labori.

290 810 422 857 Tene
443 811 500 857 ut
520 825 611 867 ego
629 810 838 866 accipiar
857 808 989 856 laute
1008 806 1278 864 torquerier
1296 806 1427 854 omni

289 882 609 931 sollicitudine
630 882 924 939 districtum,
945 896 1007 929 ne
1025 880 1165 938 panis
1184 880 1403 938 adustus,

289 971 349 1003 ne
369 955 494 1004 male
515 956 761 1004 conditum
781 955 856 1003 ius
877 956 1168 1012 apponatur,
1191 955 1249 1000 ut
1267 969 1433 1002 omnes

207 1044 266 1085 70
289 1029 554 1085 praecincti
572 1031 704 1077 recte
725 1029 864 1086 pueri
883 1028 1157 1085 comptique
1177 1028 1457 1075 ministrent
1477 1030 1487 1074 Ξ

287 1103 426 1151 Adde
446 1102 533 1150 hos
554 1104 807 1159 praeterea
826 1117 982 1159 casus,
1004 1100 1177 1149 aulaea
1195 1102 1343 1148 ruant
1361 1098 1419 1159 si,

287 1182 343 1223 ut
364 1176 504 1225 modo
522 1196 535 1233 3
565 1176 606 1224 si
625 1176 846 1234 patinam
865 1175 985 1233 pede
1006 1175 1172 1231 lapsus
1190 1174 1391 1232 frangat
1410 1188 1572 1231 agaso.

288 1250 382 1298 Sed
402 1250 727 1298 convivatoris
746 1250 822 1297 uti
840 1249 974 1298 ducis
994 1248 1241 1306 ingenium
1262 1263 1338 1295 res

284 1324 513 1372 adversae
534 1324 720 1371 nudare
740 1323 911 1380 solent,
930 1323 1084 1371 celare
1106 1321 1392 1370 secundae.''

202 1401 258 1447 75
285 1396 574 1443 Nasidienus
597 1396 659 1443 ad
679 1395 798 1444 haec
818 1416 830 1443 ε
865 1395 894 1416 “
910 1394 1019 1442 Tibi
1032 1395 1082 1442 di
1097 1408 1419 1451 quaecumque
1429 1408 1638 1451 preceris

284 1469 536 1518 commoda
551 1469 669 1519 dent
685 1472 694 1518 Ξ
726 1469 891 1517 Itavir
902 1467 1055 1517 bouus
1070 1484 1120 1517 es
1134 1469 1426 1525 convivaque
1435 1467 1615 1516 comiS.’
1624 1467 1635 1488 ’

285 1545 351 1591 Et
373 1544 525 1591 soleas
546 1544 717 1601 poscit.
780 1544 906 1590 Tum
925 1543 976 1590 in
992 1543 1116 1591 lecto
1135 1558 1319 1600 quoque
1339 1541 1524 1590 videres

284 1617 488 1665 stridere
510 1618 698 1666 secreta
718 1616 894 1664 divisos
914 1631 1031 1663 aure
1052 1615 1308 1663 susurroS.’

284 1690 458 1739 Nullos
477 1689 552 1739 his
574 1691 767 1738 mallem
786 1689 923 1738 ludos
944 1692 1185 1746 spectasse
1206 1709 1216 1745 ;
1247 1689 1329 1737 sed
1346 1688 1432 1736 illa

202 1764 259 1806 80
283 1765 428 1813 redde
449 1780 540 1823 age
555 1781 677 1822 quae
698 1765 922 1823 deinceps
943 1764 1109 1812 risisti.
1173 1764 1184 1785 ‘
1203 1763 1425 1811 Vibidius
1445 1763 1560 1810 dum

282 1839 471 1895 quaerit
493 1840 551 1886 de
571 1839 733 1897 pueris
754 1854 873 1887 num
894 1839 957 1885 sit
978 1853 1164 1895 quoque
1185 1838 1348 1886 fracta
1368 1835 1556 1894 lagena,

286 1912 408 1971 quod
427 1911 517 1959 sibi
536 1913 754 1969 poscenti
774 1928 872 1961 non
893 1913 1076 1960 dantur
1095 1910 1282 1970 pocula,
1306 1910 1514 1966 dumque

282 1985 471 2035 ridetur
490 1985 616 2033 fictis
637 2001 802 2032 rerum
822 1985 1088 2032 Balatrone
1109 1984 1334 2041 secunde,

284 2058 560 2116 Nasidiene,
582 2059 710 2107 redis
730 2060 950 2107 mutatae
970 2057 1164 2115 frontis,
1186 2058 1242 2104 ut
1263 2058 1370 2104 arte

203 2133 259 2186 85
283 2131 627 2179 emendaturus
648 2131 928 2187 fortunam3
956 2130 1127 2177 deinde
1147 2129 1298 2177 secuti

283 2216 561 2249 mazonomo
579 2202 720 2261 pueri
739 2218 917 2262 magno
936 2202 1181 2258 discerpta
1199 2202 1410 2250 ferentes

283 2275 499 2324 membra.
516 2276 652 2333 gruis
673 2275 828 2333 sparsi
849 2275 948 2322 sale
969 2275 1139 2332 multo,
1162 2291 1258 2321 non
1278 2274 1379 2322 sine
1399 2275 1554 2325 farre:

283 2348 540 2406 pinguibus
561 2350 610 2396 et
631 2349 732 2396 ficis
752 2350 949 2407 pastum
969 2348 1102 2397 iecur
1121 2347 1305 2394 anseris
1330 2347 1467 2394 albae

281 2424 331 2469 et
350 2421 569 2478 leporum
590 2422 800 2477 avulsos,
823 2423 878 2467 ut
901 2421 1060 2468 multo
1080 2421 1292 2477 suaviuS,
1316 2435 1491 2477 armos,

200 2513 257 2555 90
282 2511 426 2552 quam
449 2494 487 2542 si
508 2511 619 2541 cum
640 2494 815 2541 lumbis
837 2494 941 2550 quis
962 2494 1060 2541 edit
1078 2513 1092 2551 3
1122 2496 1228 2540 tum
1249 2495 1441 2551 pectore
1463 2492 1636 2540 adusto

379 2569 396 2616 [
415 2582 484 2618 235
503 2570 518 2616 J
1400 2564 1466 2613 [Η
1484 2574 1506 2614 5
1524 2565 1542 2614 l
