2109 2975
1034 194 1259 236 HORATI

469 296 671 353 sulpura
685 294 945 353 contemni,
965 294 1101 342 vicus
1120 294 1289 351 gemit,
1309 292 1502 341 invidus
1522 292 1697 350 aegris,

469 370 550 427 qui
570 370 717 427 caput
735 371 785 415 et
806 367 1110 416 stomachum
1131 381 1398 424 supponem
1410 366 1627 414 fontibus
1640 366 1823 414 audent

471 442 682 491 Clusinis
702 440 972 498 Gabiosque
993 441 1170 497 petunt
1189 442 1240 488 et
1259 440 1440 497 frigida
1459 455 1594 488 rura.

393 528 445 560 10
469 515 740 564 Mutandus
759 514 893 563 locus
912 516 988 562 est
1006 516 1057 562 et
1076 513 1350 563 deversoria
1368 515 1488 561 nota

470 587 882 706 praegeragendus
915 602 1084 644 equus.
1146 588 1159 609 ‘
1184 587 1289 644 Quo
1319 586 1512 635 tendis?
1567 586 1677 634 Non
1704 584 1825 633 mihi

623 672 761 705 umas

469 734 545 780 est
563 732 658 780 iter
677 733 765 780 aut
784 730 968 788 Baias,'
991 731 1130 779 laeva
1148 730 1481 779 stomachosus
1502 729 1692 778 habena

469 801 598 849 dicet
616 816 760 858 eques
780 820 792 858 ς
823 800 909 848 sed
926 800 1039 857 equi
1056 801 1255 848 frenato
1273 802 1350 848 est
1369 799 1501 847 auris
1520 799 1572 846 in
1591 799 1689 855 ore)

470 874 627 923 maior
645 876 816 922 utrum
836 873 1072 931 populum
1091 873 1330 921 frumenti
1350 874 1488 930 copia
1505 875 1676 930 pascat
1696 891 1709 928 ς

394 963 445 1009 15
470 947 755 997 collectosne
774 946 946 995 bibant
963 946 1143 995 imbres
1162 948 1395 1003 puteosne
1414 961 1648 1002 perennes

469 1022 597 1082 iugis
616 1036 789 1079 aquae,
810 1022 942 1078 (nam
962 1020 1080 1068 vina
1096 1019 1220 1067 nihil
1241 1035 1403 1068 moror
1420 1020 1550 1068 illius
1568 1034 1710 1076 orae;

469 1112 584 1144 rure
605 1110 713 1144 meo
730 1109 927 1152 possum
947 1093 1137 1150 quidvis
1159 1093 1376 1149 perferre
1395 1094 1592 1151 patique
1611 1112 1624 1150 3

470 1170 534 1217 ad
554 1169 687 1217 mai-e
708 1184 819 1217 cum
840 1168 966 1223 veni,
987 1182 1277 1224 generosum
1296 1169 1348 1215 et
1366 1167 1473 1216 lene
1492 1167 1700 1224 requiro,

471 1243 598 1301 quod
618 1257 760 1291 curas
780 1241 964 1299 abigat,
986 1241 1117 1297 quod
1135 1255 1246 1288 cum
1268 1256 1351 1297 spe
1377 1241 1528 1289 divite
1547 1243 1713 1289 manet

392 1329 450 1361 20
471 1318 522 1365 in
538 1332 684 1365 venas
705 1316 1014 1372 animumque
1034 1329 1213 1372 meum,
1235 1314 1363 1372 quod
1380 1314 1530 1363 verba
1548 1313 1811 1371 ministret,

472 1391 599 1448 quod
618 1405 696 1438 me
718 1389 945 1438 Lucanae
964 1389 1190 1437 iuvenem
1213 1388 1515 1437 commendet
1534 1387 1734 1444 amicae)

470 1466 661 1513 tractus
681 1465 795 1513 uter
814 1463 980 1520 plures
1000 1462 1205 1520 lepores,
1228 1464 1340 1511 uter
1358 1461 1530 1511 educet
1548 1476 1708 1519 apros,

471 1543 587 1588 utra
605 1539 760 1597 magis
780 1539 933 1595 pisces
953 1540 1004 1586 et
1022 1537 1217 1585 echinos
1236 1551 1448 1593 aequora
1467 1535 1640 1592 celent,

472 1613 663 1671 pinguis
683 1614 739 1660 ut
759 1612 871 1661 inde
890 1613 1087 1661 domum
1108 1610 1287 1667 possim
1305 1610 1598 1666 Phaeaxque
1616 1608 1815 1665 reverti,

394 1704 420 1733 2
425 1700 449 1744 5
473 1686 682 1734 seribere
700 1686 751 1732 te
770 1685 923 1742 nobis,
944 1684 1040 1732 tibi
1054 1699 1143 1732 nos
1164 1684 1416 1732 accredere
1435 1698 1526 1740 par
1544 1685 1636 1731 est.

472 1759 710 1816 Maenius,
730 1760 788 1805 ut
805 1758 948 1806 rebus
967 1759 1202 1806 maternis
1222 1761 1368 1814 atque
1388 1758 1602 1814 paternis

470 1831 668 1880 fortiter
686 1831 958 1888 absumptis
977 1831 1196 1879 urbanus
1217 1830 1375 1888 eoepit
1393 1830 1581 1888 haberi,

471 1922 640 1955 scurra
657 1922 811 1965 vagus
829 1921 927 1953 non
948 1905 1031 1962 qui
1050 1908 1238 1954 certum
1258 1919 1489 1962 praesepe
1507 1906 1711 1959 teneret,

471 1982 744 2038 impransus
764 1996 861 2029 non
882 1980 964 2036 qui
985 1980 1139 2027 civem
1160 1979 1428 2027 dinosceret
1446 1978 1601 2033 hoste,

392 2071 449 2114 30
472 2053 712 2111 quaelibet
731 2054 783 2101 in
803 2053 1021 2109 quemvis
1040 2051 1303 2107 opprobria
1323 2052 1504 2108 fingere
1524 2065 1712 2106 saevus,

472 2126 704 2183 pernicies
724 2130 774 2175 et
792 2127 1061 2182 tempestas
1081 2124 1463 2182 barathrumque
1483 2123 1687 2179 macelli,

472 2200 697 2257 quicquid
718 2199 990 2256 quaesierat
1009 2199 1175 2246 ventri
1193 2198 1407 2246 donabat
1427 2213 1589 2246 avaro.

474 2274 569 2321 Hic
588 2273 670 2321 nbi
690 2272 929 2329 nequitiae
948 2270 1223 2319 fautoribus
1243 2273 1294 2319 et
1312 2271 1497 2318 timidis
1513 2270 1583 2317 nil

473 2349 560 2395 aut
581 2345 781 2403 paulum
802 2345 1090 2403 abstulerat,
1112 2345 1306 2400 patinas
1327 2344 1531 2392 cenabat
1550 2344 1702 2390 omasi

395 2433 451 2479 35
474 2420 581 2468 vilis
601 2423 650 2468 et
670 2418 893 2476 agninae,
913 2417 1074 2465 tribus
1093 2417 1220 2466 ursis
1241 2417 1368 2474 qnod
1383 2416 1502 2465 satis
1521 2418 1647 2464 esset
1663 2435 1676 2472 3

658 2513 700 2544 32
738 2508 906 2545 donarat
915 2506 1017 2544 codd.
1035 2507 1181 2544 Blana.
1223 2508 1390 2544 donaret
1402 2508 1498 2543 coni.
1517 2507 1645 2542 Banu.-

570 2567 710 2615 [260]
