2109 2975
1036 196 1262 238 HORATI

474 311 614 345 cenes
635 296 691 343 ut
712 293 897 352 pariter
916 293 1172 351 pulmenta
1189 293 1434 343 laboribus
1453 295 1619 352 empta
1635 311 1649 351 3

474 367 707 417 Romanis
727 366 957 417 sollemne
978 367 1096 417 viris
1115 383 1252 425 opus,
1274 367 1394 417 utile
1414 368 1574 418 famae

402 460 452 502 50
474 444 697 500 vitaeque
714 444 766 492 et
786 442 1030 501 membriS‚
1052 442 1339 501 praesertim
1359 458 1471 493 cum
1491 442 1654 492 valeas
1672 445 1723 492 et

473 517 550 565 vel
570 532 716 565 cursu
736 532 963 573 superare
984 532 1152 566 canem
1171 517 1249 566 vel
1267 516 1452 565 viribus
1471 531 1646 573 aprum

473 589 640 648 possis.
700 590 855 648 Adde,
876 589 1038 639 virilia
1056 590 1184 647 quod
1203 589 1461 647 speciosius
1480 604 1618 638 arma

473 678 568 712 uon
588 664 664 712 est
683 662 767 720 qui
784 664 994 713 tractet:
1026 663 1137 722 scis,
1158 678 1254 721 quo
1271 663 1479 712 clamore
1500 678 1704 711 coronae

474 736 660 795 proelia
677 738 919 786 sustineas
938 737 1232 794 campestria
1249 756 1262 794 ς
1293 737 1497 794 denique
1517 751 1713 785 saevam

396 824 449 875 55
474 808 696 858 militiam
716 825 838 867 puer
855 811 906 857 et
927 808 1224 859 Cantabrica
1241 808 1368 857 bella
1385 807 1545 856 tulisti

473 882 563 931 sub
582 882 701 932 duce
721 883 805 940 qui
822 883 1017 940 templis
1038 883 1334 932 Parthorum
1354 882 1494 939 signa
1512 881 1673 940 refigit

471 972 618 1015 nunc,
639 959 691 1006 et
718 957 759 1005 si
773 956 889 1014 quid
907 956 1044 1005 abest
1064 955 1205 1004 Italis
1224 955 1470 1004 adiudicat
1488 956 1653 1004 armis.

473 1031 564 1089 Ac,
585 1046 646 1079 ne
665 1032 716 1079 te
734 1029 957 1079 retrahas
974 1031 1026 1078 et
1039 1028 1378 1079 inexcusabilis
1397 1028 1542 1085 absim

472 1104 692 1162 quamvis
710 1104 781 1151 nil
799 1105 940 1151 extra
956 1118 1215 1152 numerum
1234 1102 1405 1151 fecisse
1425 1103 1712 1160 modumque

392 1185 450 1231 60
473 1192 631 1236 curas,
653 1177 898 1226 interdum
918 1176 1119 1234 nugaris
1138 1190 1252 1224 rure
1270 1178 1474 1233 paterno
1492 1194 1505 1233 ;

472 1249 689 1308 partitur
707 1249 879 1297 lintres
898 1249 1170 1306 exercitus3
1198 1249 1346 1298 Actia
1364 1264 1531 1308 pugna

471 1325 521 1372 te
541 1324 663 1373 duce
682 1339 770 1380 per
788 1337 961 1381 pueros
979 1322 1146 1371 hosfili
1162 1338 1295 1372 more
1313 1324 1546 1380 refertur,

472 1397 775 1446 adversarius
794 1398 870 1444 est
888 1397 1063 1455 frater,
1086 1397 1222 1446 lacus
1242 1397 1449 1456 Hadria,
1471 1397 1623 1446 donec

471 1471 766 1521 alterutrum
785 1470 924 1519 velox
944 1470 1164 1520 Victoria
1181 1470 1354 1521 fronde
1374 1473 1587 1521 coronet.

394 1555 453 1610 65
473 1545 760 1594 Consentire
778 1545 878 1593 suis
897 1544 1074 1593 studiis
1099 1545 1182 1602 qui
1200 1545 1460 1595 crediderit
1479 1548 1547 1603 te,

469 1618 638 1666 fautor
655 1620 860 1675 utroque
878 1619 1020 1666 tuum
1038 1618 1259 1667 laudabit
1278 1619 1449 1676 pollice
1468 1618 1654 1668 ludum.

471 1691 702 1739 Protinus
720 1692 779 1738 ut
798 1705 1037 1749 moneam,
1059 1691 1099 1739 si
1118 1692 1233 1749 quid
1253 1692 1504 1741 monitoris
1522 1706 1634 1750 eges
1652 1693 1729 1748 tu,

470 1764 602 1823 quid,
623 1764 683 1813 de
701 1779 891 1822 quoque
909 1764 1029 1824 viro,
1051 1766 1102 1814 et
1122 1765 1200 1814 cui
1219 1765 1351 1815 dicas
1369 1780 1511 1822 saepe
1531 1765 1708 1814 videto.

471 1838 868 1888 Percontatorem
886 1838 1064 1897 fugito,
1086 1854 1199 1887 nam
1217 1839 1447 1897 garrulus
1465 1838 1591 1888 idem
1610 1840 1701 1896 est,

394 1928 452 1971 70
472 1927 561 1961 nec
580 1912 793 1961 retinent
812 1912 1009 1970 patulae
1029 1910 1286 1962 commissa
1303 1912 1511 1962 fideliter
1529 1927 1692 1969 aures,

470 1987 521 2033 et
540 1986 686 2034 semel
704 1986 932 2035 emissum
951 1986 1086 2035 volat
1103 1985 1415 2035 irrevocabile
1433 1985 1653 2033 verbum.

471 2057 583 2107 Non
603 2058 779 2107 ancilla
796 2060 938 2108 tuum
957 2058 1094 2108 iecur
1111 2059 1298 2109 ulceret
1315 2059 1420 2109 ulla
1437 2073 1617 2116 puerve

471 2131 604 2180 intra
623 2147 945 2181 marmoreum
964 2133 1229 2183 venerandi
1246 2132 1396 2182 limen
1415 2132 1574 2189 amici,

470 2221 532 2254 ne
551 2206 772 2255 dominus
791 2207 930 2264 pueri
950 2206 1143 2263 pulchri
1161 2221 1363 2255 caraeve
1382 2205 1571 2264 puellae

394 2291 449 2338 75
471 2294 670 2328 munere
689 2281 739 2328 te
758 2294 909 2336 parvo
926 2279 1036 2327 beet
1055 2281 1145 2328 aut
1162 2279 1491 2328 incommodus
1511 2278 1680 2335 angat.

472 2352 674 2410 Qualem
702 2352 1004 2402 commendes
1033 2353 1184 2400 etiam
1213 2354 1360 2411 atque
1389 2352 1538 2402 etiam
1563 2349 1742 2409 aspice,
1765 2364 1824 2399 ue

582 2442 694 2474 mox

467 2499 707 2553 incutiant
727 2499 886 2549 aliena
904 2499 995 2548 tibi
1013 2502 1214 2557 peccata
1234 2500 1482 2558 pudorem.

566 2572 586 2618 ἰ
600 2573 671 2612 268
688 2571 706 2620 l
