2109 2975
958 184 1181 225 HORATI

394 281 521 338 quod
540 296 778 339 nusquam
796 282 887 330 tibi
906 283 969 331 sit
989 272 1274 341 potandum.
1326 272 1541 332 ‘Iusserit
1558 282 1622 332 ad
1642 299 1693 333 se

395 355 653 404 Maecenas
672 371 832 403 serum
853 356 943 404 sub
961 356 1148 405 lumina
1166 358 1326 414 prima
1343 358 1508 406 venire

397 428 647 477 convivam
666 448 677 476 ε
733 428 764 451 “
781 429 971 477 Nemon
990 430 1149 479 oleum
1169 431 1298 480 feret
1316 431 1485 480 ocius?
1543 431 1722 488 Ecquis

317 511 373 558 35
398 501 570 549 audit?
588 502 618 523 ”
651 517 761 551 cum
778 518 958 560 magno
975 503 1190 553 blateras
1209 505 1419 554 clamore
1438 505 1676 562 iugisque.

398 574 615 622 Mulvius
637 576 688 623 et
707 591 903 625 scurrae
922 577 1014 624 tibi
1032 594 1130 625 non
1150 578 1406 627 referenda
1424 577 1612 635 precati

395 647 665 696 discedunt.
727 649 757 671 “
774 650 972 698 Etenim
991 651 1156 699 fateor
1175 652 1304 709 me,''
1326 640 1505 699 dixerit
1523 650 1622 706 ille,

397 720 428 742 “
447 720 576 770 Dnci
593 725 763 771 ventre
786 722 958 783 levem,
979 740 1154 772 nasum
1173 725 1341 774 nidore
1362 724 1577 782 supinor,

392 793 677 853 imbecillus,
697 796 843 855 iners,
866 798 908 845 si
926 798 1041 855 quid
1061 798 1134 846 vis
1154 799 1277 847 adde
1296 798 1490 856 popino.

314 877 372 919 40
396 866 488 925 Tu,
506 882 617 916 cum
637 869 701 916 sis
721 870 848 926 quod
868 885 959 927 ego
976 872 1027 918 et
1045 871 1271 919 fortassis
1290 871 1508 929 nequior,
1529 871 1663 920 ultro

393 939 627 989 insectere
646 942 782 990 velut
798 943 970 991 melior
983 944 1237 1001 verbisque
1256 944 1439 993 decoris

392 1012 621 1062 obvolvas
639 1015 847 1063 vitium?
864 1016 893 1036 ''
955 1017 1100 1074 Quid,
1122 1016 1163 1064 si
1178 1032 1254 1065 me
1276 1017 1474 1065 stultior
1491 1017 1598 1073 ipso

393 1085 668 1145 quingentis
687 1090 851 1146 empto
869 1090 1115 1138 drachmis
1130 1090 1477 1148 deprenderis?
1533 1089 1692 1138 Aufer

395 1175 471 1208 me
489 1160 632 1208 vultu
649 1163 835 1211 terrere
853 1182 866 1220 ς
897 1178 1096 1212 manum
1117 1164 1513 1220 stomachumque
1532 1164 1714 1219 teneto,

313 1245 370 1293 45
394 1233 510 1281 dum
531 1250 652 1291 quae
674 1235 886 1291 Crispini
904 1235 1069 1283 docuit
1088 1251 1167 1284 me
1185 1236 1367 1285 ianitor
1386 1237 1491 1284 edo.

393 1307 463 1355 Te
483 1308 692 1356 coniunx
712 1308 873 1356 aliena
891 1309 1038 1368 capit,
1061 1310 1372 1359 meretricula
1391 1310 1604 1358 Davum:

392 1382 560 1436 peccat
578 1383 692 1429 uter
710 1385 932 1429 nostrum
952 1397 1096 1432 cruce
1115 1383 1345 1443 dignius?
1400 1383 1542 1431 Acris
1563 1381 1647 1430 ubi
1667 1396 1745 1431 me

390 1456 571 1503 natura
588 1455 815 1514 intendit,
838 1456 928 1504 sub
947 1456 1083 1505 clara
1100 1458 1235 1506 nuda
1250 1457 1452 1507 lucerna

390 1543 718 1585 quaecumque
738 1530 923 1586 excepit
944 1532 1188 1587 turgentis
1208 1531 1412 1579 verbera
1431 1530 1629 1587 caudae,

311 1613 369 1662 50
392 1600 613 1651 clunibus
632 1603 720 1649 aut
740 1603 947 1661 agitavit
966 1619 1145 1661 equum
1163 1604 1346 1652 lasciva
1364 1604 1610 1661 supinum,

391 1675 595 1723 dimittit
614 1690 769 1732 neque
787 1675 1028 1724 famosum
1046 1693 1202 1735 neque
1222 1677 1481 1727 sollicitum
1501 1693 1562 1727 ne

390 1748 537 1796 ditior
555 1750 643 1796 aut
663 1748 850 1798 formae
869 1751 1079 1799 melioris
1099 1752 1248 1800 meiat
1266 1751 1447 1800 eodem.

389 1821 467 1868 Tu
486 1836 596 1869 cum
614 1822 843 1880 proiectis
861 1823 1147 1882 insignibus,
1168 1824 1315 1872 anulo
1333 1825 1546 1881 equestri

389 1894 700 1953 Romanoque
719 1895 909 1956 habitu,
930 1898 1096 1955 prodis
1113 1913 1174 1946 ex
1191 1897 1348 1946 iudice
1368 1898 1530 1945 Dama

309 1983 365 2031 55
389 1969 563 2027 turpis,
583 1969 840 2018 odoratum
860 1973 1010 2027 caput
1030 1970 1322 2019 obscurante
1340 1970 1554 2028 lacerna,

387 2058 484 2089 non
503 2057 555 2090 es
574 2042 701 2099 quod
720 2043 953 2092 simulas?
1009 2044 1238 2092 Metuens
1256 2044 1500 2092 induceris
1521 2045 1668 2101 atque

387 2115 657 2164 altercante
675 2115 952 2165 libidinibus
970 2117 1141 2164 tremis
1156 2131 1267 2165 ossa
1284 2131 1477 2174 pavore.

389 2188 515 2245 Quid
533 2189 687 2238 refert
705 2190 784 2238 uri
802 2189 971 2247 virgis,
991 2190 1217 2247 ferroque
1236 2190 1400 2238 necari

387 2264 671 2311 auctoratus
689 2277 788 2321 eas,
809 2278 875 2311 an
893 2263 1029 2320 turpi
1047 2264 1244 2312 clausus
1263 2262 1314 2311 in
1332 2278 1465 2322 arca,

306 2341 364 2386 60
387 2350 481 2392 quo
500 2338 549 2384 te
570 2335 764 2384 demisit
783 2336 971 2392 peccati
987 2336 1184 2385 conscia
1201 2336 1349 2394 erilis,

388 2410 696 2456 contractum
716 2408 920 2465 genibus
939 2410 1119 2466 tangas
1139 2413 1324 2468 caput?
1381 2409 1536 2461 Estne
1556 2410 1734 2461 marito

651 2501 693 2536 ³4
732 2497 814 2535 tert
1294 2503 1336 2537 35
1376 2500 1478 2538 turi·

488 2556 503 2603 [
523 2556 629 2605 230]
