2109 2975
970 208 1191 251 HORATI

406 322 494 357 nee
506 308 695 356 veniam
716 308 947 365 antiquie,
964 308 1047 355 sed
1068 307 1297 355 honorem
1314 309 1363 355 et
1379 305 1596 364 praemia
1610 306 1772 365 posci.-

407 381 560 430 Reete
579 394 728 430 necue
747 394 941 429 erocum
962 382 1196 438 floresque
1215 380 1520 438 perambulet
1540 382 1692 430 Attae

329 460 385 503 80
407 454 574 503 fabula
592 456 633 502 si
658 453 892 512 dubitem,
915 454 1127 503 clament
1145 455 1342 512 periisse
1360 453 1591 512 pudorem

407 528 570 577 cuncti
589 542 741 586 paene
760 529 943 586 patros,
960 542 1019 576 ea
1038 544 1149 577 cum
1168 528 1519 585 reprehendere
1539 544 1685 577 eoner

406 617 529 659 quae
548 602 710 660 gravis
730 602 966 660 Aesopus,
986 617 1111 659 quae
1130 602 1301 651 doetus
1321 601 1526 652 Roscius
1545 602 1676 660 egitz

406 676 481 723 vel
501 676 615 733 quia
630 675 701 723 nil
721 677 910 724 rectum
928 675 1022 724 nisi
1040 676 1170 733 quod
1187 676 1371 733 placuit
1391 675 1481 724 sibi
1499 676 1702 732 ducunt,

406 748 480 796 vel
500 748 613 806 quia
632 750 779 805 turpe
800 750 979 805 putant
1000 764 1171 807 parere
1191 748 1472 807 minoribu3‚
1493 751 1545 797 et
1564 762 1687 805 quae

330 828 385 884 85
406 822 609 871 imberbi
629 813 855 879 didicere,
877 813 1015 870 senes
1035 823 1282 880 perdenda
1300 823 1465 871 fateri.

408 895 515 944 Iam
536 896 720 944 Saliare
736 896 928 945 Numae
947 910 1143 945 carmen
1164 897 1249 953 qui
1266 896 1455 954 laudat,
1475 898 1526 944 et
1545 895 1667 943 illud

406 969 534 1026 quod
554 983 744 1017 mecum
763 970 959 1027 ignorat
980 970 1111 1018 solus
1130 970 1239 1018 vult
1260 970 1381 1018 seire
1401 967 1571 1027 videri,

408 1043 610 1100 ingeniis
629 1058 727 1091 non
747 1043 829 1091 ille
848 1043 985 1092 favet
1003 1043 1289 1100 plauditque
1306 1043 1521 1100 sepultis,

405 1117 575 1165 nostra
594 1117 678 1164 sed
696 1116 969 1174 impugnat,
989 1132 1078 1164 nos
1097 1119 1358 1173 nostraque
1376 1115 1552 1164 lividus
1571 1114 1689 1163 odit.

329 1207 388 1253 90
407 1189 548 1247 Quod
567 1190 607 1236 si
626 1192 731 1237 tam
752 1189 951 1238 Graecis
971 1191 1165 1238 novitas
1186 1191 1343 1238 invisa
1361 1189 1536 1238 fuisset

408 1278 552 1321 quam
590 1262 744 1321 uobis,
785 1263 899 1320 quid
943 1278 1075 1313 nune
1114 1266 1242 1312 esset
1287 1266 1427 1312 vetus
1446 1266 1467 1311 Ρ
1512 1264 1600 1311 aut
1645 1261 1763 1319 quid

518 1336 721 1385 haberet

408 1411 533 1468 quod
550 1408 735 1468 legeret
752 1411 1027 1467 tereretque
1042 1411 1225 1460 viritim
1246 1411 1466 1468 publicus
1488 1412 1636 1458 usus?

407 1484 479 1534 Ut
498 1484 710 1542 primum
732 1484 900 1542 positis
919 1485 1099 1542 nugari
1119 1484 1328 1534 Graecia
1346 1483 1488 1534 bellis

408 1559 564 1616 eoepit
583 1561 633 1608 et
652 1559 702 1606 in
722 1559 896 1607 vitium
916 1559 1119 1607 fortuna
1136 1559 1290 1608 labier
1309 1574 1478 1616 aequa,

330 1643 387 1692 95
407 1647 537 1680 nune
564 1632 860 1681 athletarum
880 1633 1071 1691 studim,
1090 1648 1221 1682 nune
1240 1633 1363 1681 arsit
1380 1646 1629 1689 equorum,

410 1707 664 1754 marmoris
684 1708 772 1755 aut
791 1707 948 1755 eboris
967 1707 1133 1755 fabros
1153 1709 1241 1757 aut
1261 1708 1387 1756 aeris
1407 1706 1608 1763 amavit,

409 1779 660 1837 suspendit
680 1780 813 1836 pieta
830 1780 1023 1828 vultum
1049 1783 1356 1838 mentemque
1376 1779 1573 1835 tabella,

410 1869 539 1901 nune
559 1853 852 1911 tibicinibus,
870 1870 1002 1903 nune
1022 1857 1098 1904 est
1117 1856 1287 1913 gavisa
1304 1852 1551 1912 tragoedis
1569 1872 1581 1909 3

409 1927 497 1974 sub
517 1926 707 1974 nutriee
726 1927 889 1984 puella
905 1927 1041 1976 velut
1062 1928 1103 1975 si
1121 1928 1310 1976 luderet
1327 1928 1510 1983 infans,

307 2016 387 2048 100
409 1999 537 2056 quod
556 1999 727 2056 cupide
746 2001 888 2057 petiit
907 2003 1101 2050 mature
1121 2002 1267 2058 plena
1284 2001 1497 2058 reliquit.

411 2071 538 2130 Quid
556 2071 717 2129 placet
738 2075 826 2121 aut
841 2075 950 2123 odio
968 2077 1044 2122 est
1065 2075 1193 2131 quod
1205 2090 1303 2122 non
1315 2073 1549 2122 mutabile
1562 2071 1728 2122 eredas
1743 2075 1763 2120 Ρ

409 2147 518 2194 Hoc
537 2160 678 2202 paees
696 2146 910 2197 habuere
929 2148 1084 2197 bonae
1104 2148 1330 2205 ventique
1349 2148 1563 2197 secundi.

408 2220 592 2269 Romae
611 2220 751 2271 dulce
772 2222 854 2270 diu
874 2222 971 2270 fuit
992 2224 1043 2270 et
1064 2221 1292 2270 sollemne
1311 2221 1503 2270 reclusa

409 2308 551 2342 mane
570 2293 714 2343 domo
731 2295 948 2353 vigilare,
976 2295 1143 2344 clienti
1161 2310 1380 2351 promere
1398 2294 1524 2351 iura,

308 2382 387 2430 105
408 2370 578 2417 cautos
597 2368 868 2416 nominibus
888 2368 1035 2416 rectis
1055 2367 1320 2424 expendere
1339 2381 1579 2424 nummata,

409 2442 616 2491 maiores
635 2441 820 2499 audire,
843 2441 1017 2489 minori
1038 2441 1214 2499 dieere,
1235 2456 1322 2498 per
1340 2455 1464 2498 quae

499 2521 505 2525 ⁴
801 2533 858 2567 101
870 2533 955 2574 pou
972 2532 1031 2568 107
1046 2539 1126 2575 poe.
1141 2528 1366 2569 Lachmann

509 2592 524 2638 [
545 2591 653 2642 276]
