2109 2975
410 699 464 729 10

407 1085 458 1129 15

1059 191 1279 232 HORATI

658 290 857 346 rumpat
876 290 927 337 et
947 304 1145 346 serpens
1165 288 1261 336 iter
1278 287 1578 344 institutum,

659 364 808 419 siper
824 363 1070 419 obliquum
1090 362 1258 409 similis
1278 362 1492 420 sagittae

657 436 836 484 terruit
855 452 1059 484 mannos
1080 457 1091 483 ε
1120 451 1213 492 ego
1231 435 1312 483 oui
1328 434 1509 484 timebo

825 509 1055 567 providus
1076 523 1278 566 auspex,

656 609 916 665 antequ
936 609 1125 656 stantes
1145 609 1339 664 repetat
1359 607 1561 664 paludes

654 680 882 728 imbrium
902 681 1067 729 divina.
1084 681 1188 729 avis
1207 680 1561 738 imminentum,

652 755 861 804 oscinem
881 770 1081 805 corvum
1101 769 1243 811 prece
1263 754 1513 803 suscitabo

822 828 934 876 solis
953 829 1016 876 ab
1035 831 1166 877 ortu.

655 929 730 976 Sis
749 928 864 977 licet
884 928 1018 986 felix,
1040 928 1314 985 ubicunque
1334 926 1504 984 maviS,

651 1005 703 1049 et
722 1017 905 1050 memor
925 1002 1097 1059 nostri,
1120 1001 1342 1058 Galatea,
1364 1000 1516 1058 vivas,

652 1077 793 1132 teque
813 1091 902 1124 neo
920 1075 1088 1124 laevus
1109 1075 1243 1123 vetet
1262 1074 1332 1124 ire
1352 1073 1488 1132 picus

817 1164 906 1198 uec
926 1164 1054 1206 vaga.
1075 1148 1257 1197 cornix.

651 1248 747 1295 Sed
765 1247 915 1304 vides,
937 1249 1122 1303 quanto
1139 1246 1352 1302 trepidet
1372 1244 1592 1293 tumultu

651 1336 830 1377 pronus
851 1320 1019 1369 Orion.
1079 1321 1187 1378 Ego
1207 1319 1322 1376 quid
1341 1319 1407 1366 sit
1425 1320 1533 1366 ater

651 1394 871 1443 Hadriae
889 1394 1001 1443 novi
1020 1394 1154 1442 sinus
1174 1393 1225 1442 et
1245 1392 1359 1449 quid
1379 1392 1518 1439 albus

820 1470 983 1525 peccet
1003 1467 1177 1525 Iapyx.

639 1566 871 1614 Hostium
891 1580 1065 1614 uxores
1085 1565 1316 1621 puerique
1336 1579 1501 1613 caecos

650 1639 867 1687 sentiant
886 1640 1045 1685 motus
1066 1638 1267 1687 orientis
1287 1637 1460 1686 Austri
1479 1638 1532 1684 et

651 1712 873 1770 aequoris
892 1711 1020 1769 nigri
1037 1712 1291 1760 fremitum
1310 1714 1361 1758 et
1381 1711 1646 1759 trementes

820 1785 1016 1833 verbere
1037 1785 1186 1843 ripas.

651 1885 731 1933 Sic
751 1886 802 1932 et
822 1885 1015 1942 Europe
1034 1884 1232 1931 niveum
1252 1883 1414 1931 doloso

646 1959 853 2007 eredidit
872 1961 1018 2007 tauro
1036 1959 1171 2005 latus
1189 1959 1242 2005 et
1260 1957 1532 2005 scatentem

646 2032 801 2080 beluis
820 2035 1025 2090 pontum
1044 2031 1323 2088 mediasque
1341 2029 1540 2078 fraudes

813 2105 986 2163 palluit
1006 2104 1183 2154 audax.

645 2198 817 2253 Nuper
834 2197 885 2244 in
906 2195 1064 2253 pratis
1085 2195 1302 2244 studiosa
1320 2195 1493 2243 florum
1513 2195 1563 2242 et

644 2270 837 2319 debitae
854 2269 1099 2326 Nymphis
1118 2269 1282 2325 opifex
1301 2283 1522 2323 eorem,

643 2345 784 2392 nocte
804 2342 1040 2391 sublustri
1060 2341 1182 2389 nihil
1202 2343 1340 2390 astra.
1357 2343 1552 2398 praeter

811 2415 935 2463 vidit
954 2418 1005 2463 et
1023 2415 1195 2463 undas,

594 2515 614 2543 5
649 2506 801 2549 rumpit
1055 2509 1095 2540 15
1134 2506 1243 2542 vetat
1256 2515 1301 2542 ex
1314 2515 1392 2541 uno
1404 2505 1483 2540 cod.
1501 2503 1713 2541 Lambinus

572 2568 587 2615 ἱ
611 2581 679 2607 102
702 2567 718 2612 ]
