2109 2975
765 189 1105 233 SATrRARUM
1136 189 1170 229 1.
1195 197 1212 229 1

312 286 573 337 reticulum
594 285 732 344 panis
752 286 945 336 venales
963 285 1097 335 inter
1114 286 1291 336 onusto

311 362 441 410 forte
460 361 608 410 vehas
625 375 810 419 umero,
831 361 981 410 nihilo
1001 361 1111 419 plus
1130 361 1337 418 weipias
1356 375 1500 418 quam

311 436 395 492 qui
413 436 483 483 nil
502 437 727 492 portarit.
787 435 880 484 Vel
900 435 977 484 die
995 435 1112 493 quid
1131 436 1320 484 referat
1334 436 1468 484 intra

228 519 288 565 50
309 511 517 557 naturae
536 509 654 557 fines
676 509 874 566 viventi,
895 509 1069 569 iugera.
1085 510 1283 557 eentum
1302 524 1367 556 an

309 582 441 630 mille
457 582 564 630 aret
577 584 598 630 Ρ
653 582 666 605 ‘
676 583 748 630 At
761 597 908 630 suave
917 585 992 630 est
1003 597 1065 630 ex
1077 597 1258 640 magno
1269 582 1440 631 tollere
1453 583 1657 631 acervo?

308 656 443 703 Dum
462 671 524 703 ex
542 670 696 712 parvo
713 656 852 703 nobis
870 656 1162 704 tantundem
1182 655 1381 703 haurire
1399 657 1659 714 relinquas,

306 744 396 777 eur
414 730 503 777 tua
523 729 633 786 plus
652 729 822 777 laudes
840 728 1048 777 cumeris
1067 728 1302 785 granaria
1318 729 1497 776 nostris
1510 733 1532 777 Ρ

306 804 365 849 ut
385 802 476 850 tibi
494 801 537 849 si
555 802 619 851 sit
638 817 759 859 opus
778 802 949 859 liquidi
969 817 1070 849 non
1091 802 1303 859 amplius
1322 816 1465 859 urna,

226 886 252 933 5
256 885 283 933 5
306 875 384 923 vel
405 876 596 932 cyatho,
615 877 666 924 et
685 875 834 933 dicas,
856 874 869 897 ‘
887 874 1073 931 Magno
1088 875 1147 923 de
1166 875 1363 923 flumine
1382 874 1575 923 mallem

307 964 455 1005 quam
476 964 536 997 ex
548 948 640 997 hoo
659 941 897 997 fonticulo
910 948 1205 997 tantundem
1226 949 1451 997 sumere.'
1512 948 1589 997 Eo
1603 949 1661 996 fit

307 1021 497 1078 plenior
515 1023 573 1070 ut
593 1021 772 1079 siquos
790 1020 998 1069 delectet
1018 1021 1158 1078 eopia
1176 1021 1322 1077 iusto,

308 1110 419 1142 eum
439 1095 547 1152 ripa
566 1094 710 1143 simul
729 1094 920 1143 avulsos
939 1094 1073 1143 ferat
1092 1094 1298 1142 Aufidus
1317 1108 1444 1142 noer.

308 1168 382 1215 At
399 1168 482 1224 qui
499 1168 682 1216 tantuli
699 1170 811 1225 eget
829 1169 1012 1225 quanto
1031 1169 1107 1215 est
1127 1182 1265 1224 opus,
1284 1166 1327 1213 is
1346 1181 1499 1223 neque
1517 1167 1632 1215 limo

225 1246 286 1289 60
308 1241 560 1290 turbatam
597 1241 765 1289 haurit
800 1257 991 1299 aquam,
1019 1255 1175 1297 neque
1211 1240 1366 1288 vitm
1395 1240 1580 1289 amittit
1607 1242 1660 1289 in

420 1315 581 1363 undis.

308 1389 378 1436 At
396 1389 524 1436 bona
541 1403 655 1444 pars
672 1387 921 1435 hominum
941 1387 1145 1442 deeepta
1164 1385 1386 1443 cupidine
1404 1385 1529 1435 falso

309 1462 320 1483 ‘
334 1462 416 1510 Nil
426 1461 544 1509 satis
555 1461 662 1519 est‚’
672 1460 978 1518 inquit,‘quia
984 1459 1116 1508 tanti
1126 1461 1363 1518 quantum
1371 1460 1551 1509 habeas
1558 1461 1657 1510 sis.'

307 1536 435 1593 Quid
453 1535 607 1583 facias
622 1534 727 1582 illi?
769 1534 944 1582 Iubeas
963 1534 1193 1581 miserum
1212 1549 1315 1582 esse
1334 1533 1543 1582 libenter

306 1610 545 1664 quatenus
564 1608 616 1656 id
633 1607 782 1655 facit:
812 1609 870 1654 ut
889 1607 1086 1664 quidam
1106 1609 1405 1655 memoratur
1422 1607 1632 1656 Athenis

226 1687 283 1742 65
307 1682 528 1729 sordidus
547 1696 606 1729 ao
622 1680 773 1735 divae,
795 1680 962 1737 populi
980 1682 1289 1729 contemnem
1308 1695 1448 1729 voees

308 1755 376 1803 sie
397 1754 567 1802 solitus
588 1775 600 1801 ι
631 1753 642 1775 ‘
660 1753 874 1810 Populus
892 1769 968 1802 me
988 1753 1151 1802 sibilat
1171 1774 1185 1812 ς
1216 1755 1270 1802 at
1290 1754 1408 1801 mihi
1427 1753 1605 1811 plaudo

305 1828 410 1885 ipse
428 1828 557 1875 domi
575 1827 720 1875 simul
739 1843 797 1874 ao
815 1841 1039 1874 nummos
1061 1826 1362 1883 contemplor
1380 1827 1432 1874 in
1452 1826 1599 1875 area?

308 1901 546 1948 Tantalus
565 1916 597 1947 a
613 1899 763 1948 labris
784 1900 951 1947 sitiens
970 1899 1214 1956 fugientia
1233 1901 1403 1955 captat

308 1975 692 2033 flumina—Quid
709 1976 866 2023 rides?
891 1976 1086 2023 mutato
1103 1974 1296 2023 nomine
1315 1975 1375 2023 de
1392 1976 1445 2023 te

225 2066 284 2108 70
307 2049 476 2097 fabula
493 2050 758 2096 narratur:
787 2049 1029 2106 congestis
1048 2048 1260 2106 undique
1284 2048 1435 2097 saccis

307 2122 541 2170 indormis
557 2122 751 2170 inhians
770 2124 821 2170 et
839 2124 1091 2177 tamquam
1111 2136 1310 2178 parcere
1329 2121 1479 2169 saeris

308 2195 493 2251 cogeris
512 2195 601 2242 aut
619 2194 763 2250 pictis
781 2196 1033 2251 tamquam
1051 2193 1266 2250 gaudere
1283 2194 1494 2242 tabellis.

308 2268 478 2316 Nescis
497 2283 593 2325 quo
611 2267 773 2316 valeat
787 2282 1033 2323 nummus,
1053 2281 1196 2323 quem
1217 2268 1448 2323 praebeat
1468 2282 1609 2315 usum
1621 2271 1643 2315 Ρ

309 2340 457 2388 Panis
476 2342 686 2396 ematur,
707 2339 829 2396 olus,
849 2339 950 2387 vini
968 2339 1224 2396 sextarius,
1246 2339 1369 2387 adde

224 2426 283 2474 75
307 2414 413 2470 quis
431 2413 648 2462 humana
665 2412 757 2460 sibi
775 2411 940 2461 doleat
955 2414 1138 2460 natura
1155 2412 1363 2468 negatis.

306 2488 388 2534 An
408 2487 610 2544 vigilare
630 2489 766 2535 metu
784 2486 1073 2544 exanimem,
1093 2486 1353 2542 noctesque
1371 2484 1565 2541 diesque

408 2561 424 2608 [
447 2560 551 2607 163]
1431 2559 1447 2605 [
1467 2566 1492 2598 Ε
1508 2559 1565 2604 2]
1623 2607 1628 2612 ,
