2109 2975
223 387 277 417 10

222 769 275 816 15

658 201 974 243 OARMINUM
1009 203 1042 243 Ι.
1070 211 1297 243 xxm-xxm

468 297 639 348 doctus
659 298 866 355 sagittas
885 299 1087 350 tendere
1108 299 1299 350 Sericas

467 388 586 420 arcu
604 374 842 429 paterno?
901 374 1020 432 Quis
1039 377 1187 432 neget
1206 374 1372 423 arduis

523 461 697 502 pronos
718 446 870 495 relabi
889 462 1027 504 posse
1045 448 1176 497 rivos

580 520 823 568 montibus
843 523 894 568 et
913 521 1127 570 Tiberim
1147 523 1341 581 reverti,

469 634 580 666 cum
598 620 656 665 tu
675 620 921 676 coemptos
941 620 1153 676 undique
1172 620 1345 669 nobilis
1435 645 1440 649 ·

468 691 614 739 libros
636 692 840 740 Panaeti
861 692 1160 742 Socraticam
1180 696 1231 742 et
1252 694 1448 741 domum

525 765 715 813 mutare
734 765 896 814 loricis
917 764 1130 824 Hiberis,

576 838 818 895 pollicitus
837 838 1052 898 meliora,
1081 840 1276 888 tendis?

912 1026 1055 1075 XXX

467 1124 512 1171 O
529 1123 741 1181 erus,
762 1124 931 1182 regina
951 1124 1095 1173 Cnidi
1115 1124 1380 1183 Paphique,

467 1212 637 1252 sperne
657 1197 886 1247 dilectam
907 1200 1122 1256 Cypron,
1144 1201 1195 1246 et
1216 1199 1435 1247 vocantis

465 1272 576 1317 ture
594 1273 646 1318 te
666 1270 822 1319 multo
843 1271 1080 1328 Glycerae
1100 1272 1323 1319 decoram

578 1344 794 1392 transfer
812 1345 863 1392 in
884 1345 1069 1393 aedem.

466 1441 702 1491 Fervidus
720 1445 882 1492 tecum
903 1458 1026 1501 puer
1044 1446 1095 1492 et
1116 1444 1285 1492 solutis

467 1516 667 1565 Gratiae
688 1518 819 1566 zonis
839 1520 1196 1573 properentque
1223 1518 1481 1575 Nymphae

463 1593 514 1637 et
535 1606 707 1647 parum
727 1590 874 1639 comis
895 1591 996 1640 sine
1017 1592 1068 1640 te
1090 1592 1323 1640 Iuventas

578 1664 958 1721 Mercuriusque.

887 1860 1055 1907 XXXI

464 1957 614 2014 QUID
635 1956 908 2006 dedicatum
928 1958 1083 2015 poscit
1104 1957 1378 2015 Apollinem

463 2033 634 2078 vates?
691 2030 818 2088 Quid
838 2034 947 2079 orat
967 2033 1026 2080 de
1046 2034 1222 2089 patera
1242 2047 1420 2079 novum

520 2104 729 2152 fundens
749 2105 1017 2162 liquorem?
1074 2106 1188 2155 Non
1208 2106 1395 2163 opimae

575 2178 825 2227 Sardiniae
846 2180 1032 2236 segetes
1054 2179 1258 2238 feraces,

463 2288 561 2321 non
580 2277 829 2324 aestuosae
847 2278 993 2335 grata
1011 2278 1267 2327 Calabriae

463 2350 703 2407 armenta,
725 2365 822 2398 non
843 2366 1015 2415 aurum
1037 2352 1125 2398 aut
1144 2351 1267 2399 ebur
1286 2350 1525 2409 Indicum,

520 2437 615 2470 non
636 2438 770 2480 rura,
791 2438 913 2478 quae
933 2424 1060 2471 Liris
1080 2424 1247 2480 quieta

576 2495 766 2543 mordet
785 2511 913 2552 aqua
930 2497 1207 2545 taciturnus
1228 2497 1400 2546 amnis.

396 2570 508 2618 [37]
