2109 2975
926 202 1110 240 INDEX

315 280 571 344 Quamvis,
597 285 799 340 Scaeva,
825 285 949 333 satis
976 324 1465 333 ....................................
1471 283 1604 339 Epp.
1617 281 1650 330 i.
1669 301 1721 340 17

316 353 531 412 Quando
549 359 806 410 repostum
813 390 1467 401 ................................................
1473 351 1532 398 Ε.
1556 368 1585 410 9

315 420 573 479 Quantum
593 420 751 469 distet
756 459 1465 469 ....................................................
1471 418 1528 467 0.
1555 417 1625 466 iii.
1655 436 1706 478 19

316 488 475 546 Quem
498 493 570 544 tu,
596 488 918 545 Melpomene
922 524 1466 535 ........................................
1471 484 1528 534 0.
1554 484 1620 533 iv.
1645 502 1673 545 3

316 556 475 614 Quem
498 556 662 604 virum
686 561 776 604 aut
795 555 948 604 heroa.
979 592 1471 603 ....................................
1475 553 1531 601 0.
1556 551 1588 599 i.
1616 569 1668 599 12

316 622 412 681 Qui
434 624 506 677 fit,
534 624 804 672 Maecenas
815 660 1471 672 ................................................
1475 621 1525 669 S.
1550 619 1582 667 i.
1610 638 1632 667 1

317 690 451 749 Quid
471 690 737 740 bellicosus
756 727 1468 740 ....................................................
1473 687 1568 736 0.
1554 687 1606 734 1i.
1634 705 1682 734 11

316 757 449 816 Quid
470 758 761 807 dedicatum
814 794 1472 808 ................................................
1477 754 1572 803 0.
1557 771 1590 802 1.
1614 772 1665 814 31

315 824 450 883 Quid
470 825 570 881 fles,
601 825 805 875 Asterie
819 862 1476 874 ................................................
1480 822 1575 871 0.”
1561 822 1631 870 1ii.
1656 840 1684 880 7

316 893 450 951 Quid
472 892 793 942 immerentes
812 931 1469 942 ...............................................
1475 890 1535 937 Ε.
1558 895 1588 938 6

317 959 451 1018 Quid
472 960 567 1008 tibi
589 960 666 1008 vis
704 998 1470 1009 ........................................................
1477 958 1536 1005 Ε.
1562 975 1614 1005 12

316 1026 451 1085 Quid
470 1026 567 1075 tibi
589 1028 699 1076 visa
719 1028 873 1077 Chios
924 1065 1474 1076 ........................................
1478 1026 1611 1083 Epp.
1624 1025 1655 1072 i.
1671 1043 1720 1073 11

317 1093 552 1153 Quinque
571 1094 680 1144 dies
699 1095 795 1143 tibi
813 1131 1470 1143 ................................................
1475 1093 1608 1149 Epp.
1637 1091 1668 1140 i.
1696 1110 1725 1150 7

317 1162 443 1220 Quis
461 1162 711 1211 desiderio
760 1201 1002 1211 ..................
1025 1205 1029 1208 ,
1037 1200 1470 1210 ................................
1475 1160 1533 1209 C.
1556 1160 1588 1209 i.
1612 1177 1669 1218 24

316 1229 440 1288 Quis
460 1231 622 1278 multa
640 1229 841 1286 gracilis
867 1270 1471 1279 ...........................................
1476 1230 1533 1278 G.
1558 1229 1589 1277 i.
1615 1243 1641 1287 5

318 1298 430 1357 Quo
448 1314 540 1354 me,
566 1299 776 1355 Bacche,
805 1299 943 1356 rapis
979 1337 1469 1347 ....................................
1473 1297 1530 1345 0.
1555 1296 1625 1344 iii.
1650 1312 1704 1358 25

318 1367 440 1426 Quo,
465 1383 568 1424 quo
585 1366 782 1416 scelesti
814 1405 1472 1416 ................................................
1477 1365 1536 1413 Ε.
1560 1382 1590 1423 7

320 1526 530 1575 Rectius
550 1525 689 1575 vives
703 1566 1470 1578 ........................................................
1474 1526 1531 1575 C.
1555 1525 1606 1575 ii.
1634 1544 1688 1575 10

320 1595 520 1651 Rogare
538 1595 688 1651 longo
706 1634 1472 1644 ........................................................
1478 1594 1536 1642 Ε.
1561 1600 1588 1641 8

320 1745 564 1796 Scriberis
582 1746 744 1794 Vario
758 1786 1472 1797 ....................................................
1475 1747 1532 1797 0.
1559 1746 1590 1795 ἰ.
1613 1752 1643 1795 6

321 1813 551 1870 Septimi,
575 1814 746 1862 Gades
761 1853 1472 1865 ....................................................
1477 1815 1534 1865 0.
1557 1814 1610 1863 ii.
1632 1819 1663 1863 6

320 1880 609 1938 Septimius,
636 1881 819 1930 Claudi
870 1921 1473 1932 ............................................
1478 1883 1610 1940 Epp.
1638 1881 1669 1930 i.
1697 1900 1726 1942 9

319 1949 376 1998 Si
395 1948 523 1998 bene
543 1955 593 1997 te
614 1950 731 1998 novi
757 1988 1472 2000 ....................................................
1476 1951 1609 2008 Epp.
1621 1949 1653 1999 i.
1673 1956 1725 1998 18

320 2016 377 2065 Si
395 2022 540 2073 potes
560 2017 823 2065 Archiacis
870 2059 1473 2069 ............................................
1478 2020 1611 2076 Epp.
1639 2018 1671 2067 i.
1700 2036 1726 2080 5

320 2084 405 2133 Sic
424 2100 537 2132 raro
555 2085 731 2133 scribis
763 2126 1475 2136 ....................................................
1480 2089 1530 2137 S.
1555 2088 1606 2137 ii.
1631 2105 1659 2148 3

322 2152 405 2201 Sic
426 2158 477 2201 te
496 2152 617 2200 diva
649 2193 1472 2204 ............................................................
1478 2155 1535 2204 0.
1561 2156 1592 2204 i.
1617 2172 1644 2216 3

322 2220 547 2269 Solvitur
566 2222 695 2271 acris
707 2262 1475 2271 .......................................................
1479 2221 1537 2272 0.
1561 2222 1593 2271 i.
1617 2241 1645 2282 4

322 2288 454 2336 Sunt
472 2288 656 2345 quibus
678 2289 730 2337 in
751 2289 909 2339 satira
931 2330 1475 2339 ........................................
1480 2290 1529 2339 S.
1555 2290 1606 2338 ii.
1634 2309 1653 2337 1

325 2457 397 2505 Te
416 2457 569 2506 maris
588 2464 640 2507 et
661 2463 823 2507 terrae
875 2499 1473 2508 ...........................................
1478 2459 1536 2509 0.
1561 2459 1591 2509 i.
1618 2467 1672 2509 28

324 2524 530 2574 Troiani
549 2525 669 2574 belli
707 2566 1472 2576 .......................................................
1479 2528 1611 2584 Epp.
1641 2529 1671 2577 i.
1701 2546 1727 2577 2

437 2593 592 2653 [313]
