2109 2975
1080 211 1299 252 HORATI

493 310 572 358 Tu
590 310 721 358 reete
740 308 862 357 vivis
883 308 924 355 si
943 323 1086 357 curas
1105 324 1208 358 esse
1228 309 1354 366 quod
1375 308 1526 357 audis.

495 385 743 432 laetamus
764 382 1050 439 iampridem
1071 381 1225 430 omnis
1245 385 1296 430 te
1317 381 1477 430 Roma
1493 381 1722 435 beatum:

494 457 577 504 sed
598 471 767 505 vereor
786 471 846 504 ne
867 455 944 504 eui
965 456 1024 503 de
1044 457 1096 504 te
1116 456 1226 513 plus
1247 470 1391 512 quam
1409 454 1501 502 tibi
1520 454 1710 512 eredas,

411 548 469 581 20
493 544 611 578 neve
632 532 773 587 putes
794 530 942 577 alium
964 529 1184 586 sapiente
1203 529 1418 585 bonoque
1437 528 1650 584 beatum,

492 618 588 651 neu
608 603 649 650 si
667 605 719 651 te
738 603 945 659 populus
964 617 1138 651 sanum
1158 604 1383 658 reeteque
1404 600 1646 650 valentem

491 676 700 734 dictitet,
726 676 964 725 oecultam
983 676 1169 724 febrem
1191 675 1279 722 sub
1298 676 1490 731 tempus
1509 674 1681 722 edendi

490 749 775 807 dissimules,
798 750 949 798 donee
969 749 1191 797 manibus
1211 751 1395 796 tremor
1413 747 1594 796 ineidat
1612 748 1790 796 unctis.

492 821 765 871 Stultorum
783 821 1010 871 incurata
1027 822 1185 880 pudor
1205 821 1361 869 malus
1380 821 1545 870 uleera
1564 821 1705 870 celat.

411 905 467 952 25
492 896 542 942 Si
562 896 669 953 quis
686 895 815 945 bella
831 896 924 945 tibi
942 898 1077 946 terra
1097 897 1319 956 pugnata
1337 894 1553 952 marique

491 971 620 1018 dieat
640 972 690 1019 et
707 970 783 1018 his
804 970 960 1018 verbis
982 985 1160 1019 vacuas
1181 968 1480 1026 permulceat
1499 984 1656 1025 aures,

491 1044 504 1064 ‘
521 1044 652 1092 Tene
671 1044 826 1128 magis
846 1043 1033 1092 salvum
1054 1041 1263 1099 populus
1283 1042 1399 1090 velit
1418 1057 1482 1088 an
1501 1042 1733 1098 populum
1755 1045 1829 1100 tu,

491 1114 683 1165 servet
669 1132 720 1164 m
740 1116 968 1175 ambiguo
988 1115 1072 1173 qui
1092 1114 1300 1163 consulit
1320 1116 1371 1163 et
1390 1113 1481 1162 tibi
1500 1116 1552 1162 et
1571 1114 1681 1163 urbi

491 1188 747 1246 Iuppiter:
771 1187 985 1245 Augusti
1005 1188 1175 1236 laudes
1194 1202 1455 1245 agnoscere
1475 1187 1660 1245 possis·

411 1274 468 1318 30
492 1276 601 1309 eum
622 1260 803 1318 pateris
824 1260 1014 1317 sapiens
1034 1260 1413 1317 emendatusque
1433 1260 1612 1316 vocari,

489 1333 809 1390 respondesne
828 1336 932 1392 tuo,
953 1334 1031 1382 die
1051 1333 1206 1392 sodes,
1228 1334 1455 1382 nomine?
1513 1334 1733 1391 ‘Nempe

489 1409 566 1455 vir
584 1407 738 1455 bonus
758 1409 808 1455 et
828 1408 1039 1464 prudens
1061 1408 1156 1455 diei
1180 1407 1393 1456 delector
1411 1421 1500 1465 ego
1519 1422 1576 1456 ae
1593 1408 1687 1456 tu!

491 1480 586 1538 Qui
604 1481 737 1530 dedit
757 1481 846 1531 hoe
865 1481 1006 1531 hodie
1027 1498 1152 1540 eras,
1174 1480 1215 1529 si
1234 1481 1381 1540 volet,
1404 1481 1613 1540 auferet,
1634 1483 1693 1531 ut
1711 1482 1753 1530 si

490 1554 721 1603 detulerit
741 1554 897 1603 fasees
915 1555 1132 1614 indigno,
1154 1555 1381 1603 detrahet
1399 1555 1544 1604 idem.

410 1630 467 1677 35
493 1627 506 1649 ‘
523 1627 669 1684 Pone,
683 1642 844 1675 meum
855 1629 931 1676 est
951 1648 963 1676 ε
981 1628 992 1648 ’
1013 1627 1188 1684 inquit.
1249 1628 1383 1676 Pono
1394 1629 1644 1686 tristisque
1658 1628 1846 1678 reoedo.

490 1699 625 1747 Idem
647 1700 687 1747 si
706 1700 882 1748 elamet
901 1700 1080 1757 furem,
1101 1704 1248 1759 neget
1267 1716 1371 1749 esse
1388 1702 1632 1759 pudicum,

490 1773 753 1820 contendat
772 1773 945 1830 laqueo
963 1774 1141 1823 collum
1162 1775 1392 1831 pressisse
1413 1776 1673 1831 paternum
1691 1793 1702 1831 ς

490 1847 714 1894 mordear
731 1847 999 1904 opprobriis
1019 1848 1155 1896 falsis
1177 1851 1456 1906 mutemque
1476 1849 1691 1897 colores?

488 1919 664 1967 Falsus
683 1920 837 1968 honor
851 1920 992 1969 iuvat
1012 1923 1064 1969 et
1084 1922 1292 1970 mendax
1309 1921 1513 1970 infamia
1531 1923 1688 1970 terret

408 2010 467 2052 40
489 2007 630 2050 quem
660 1993 753 2041 nisi
775 1995 1059 2043 mendosum
1079 1996 1130 2044 et
1150 1995 1518 2043 medicandum?
1575 1994 1666 2042 Vir
1691 1993 1848 2041 bonus

601 2067 676 2115 est
695 2066 801 2124 quis
816 2070 836 2115 Ρ

490 2140 502 2161 ‘
518 2140 613 2197 Qui
632 2142 855 2190 consulta
874 2144 1089 2200 patrum,
1111 2142 1193 2199 qui
1212 2142 1342 2201 leges
1361 2142 1561 2199 iuraque
1581 2142 1761 2198 servat,

488 2229 584 2270 quo
602 2215 786 2263 multae
806 2231 1106 2273 magnaeque
1125 2218 1356 2264 secantur
1369 2215 1527 2263 iudice
1547 2214 1674 2270 lites,

409 2315 413 2319 -
488 2301 581 2342 quo
600 2302 676 2334 res
698 2303 927 2345 sponsore
947 2290 998 2337 et
1017 2305 1114 2346 quo
1135 2304 1307 2338 causae
1328 2291 1455 2338 teste
1473 2287 1742 2336 tenentur.’

488 2360 582 2409 Sed
601 2361 733 2410 videt
752 2361 882 2410 hune
902 2361 1057 2409 omnis
1077 2362 1247 2410 domus
1267 2363 1319 2411 et
1337 2362 1514 2411 vicinia
1532 2363 1641 2410 tota

406 2451 462 2496 45
486 2435 751 2482 introrsum
770 2436 982 2491 turpem,
1005 2435 1274 2490 speciosum
1293 2434 1418 2492 pelle
1437 2434 1630 2484 deeora.

488 2507 501 2526 ‘
513 2506 615 2553 Nee
641 2506 831 2554 furtum
852 2506 944 2555 feei
964 2521 1054 2555 nee
1074 2507 1215 2566 fugi:
1240 2508 1280 2556 si
1300 2508 1419 2557 mihi
1438 2508 1570 2558 dieat

583 2578 726 2626 [262]
