2109 2975
185 619 237 665 15

182 978 240 1008 20

190 2079 244 2109 10

192 2445 242 2491 15

704 208 935 250 EPODON
968 209 1170 249 VI—VIII

377 304 547 361 Neque
567 304 645 353 hie
664 305 791 362 lupis
811 320 914 353 mos
929 322 1018 355 neo
1037 306 1369 356 fuit‘leonibus

434 394 662 435 umquam
683 380 776 427 nisi
796 380 847 427 in
868 380 1034 436 dispar
1052 380 1188 430 feris,

378 451 598 499 Furorne
619 468 806 511 caecus,
832 470 896 501 an
916 454 1046 510 rapit
1067 453 1139 500 vis
1159 454 1350 502 aerior?

435 541 499 572 an
520 525 695 581 eulpa?
753 526 1059 583 Responsum
1081 527 1193 574 date
1210 530 1282 575 !-

377 599 561 646 Tacent
581 601 631 646 et
652 600 789 646 albus
810 615 896 647 ora
914 600 1073 656 pallor
1092 600 1245 647 inficit

435 674 716 729 mentesque
737 672 986 728 perculsae
1008 675 1223 729 stupent.

380 745 460 793 Sic
481 747 585 793 estt
617 747 792 792 acerba
810 746 919 792 fata
937 746 1181 792 Romanos
1204 748 1359 803 agunt

436 818 683 874 scelusque
702 819 953 866 fraternae
973 819 1121 875 nenia,

379 893 435 938 ut
455 892 752 939 immerentis
774 892 913 939 fluxit
933 892 984 939 in
1003 893 1186 939 terram
1209 893 1350 939 Remi

437 979 571 1012 sacer
590 964 844 1021 nepotibus
866 980 1023 1013 eruor.

885 1286 1016 1335 VIII

377 1404 614 1452 ROGARE
637 1403 782 1461 longo
802 1404 1022 1461 putidam
1041 1406 1093 1451 te
1115 1403 1305 1450 saeculo

434 1477 559 1525 vires
581 1478 695 1534 quid
714 1479 906 1526 enervet
927 1493 1073 1536 meas,

379 1566 488 1597 oum
510 1551 573 1598 sit
593 1551 683 1598 tibi
703 1552 820 1599 dens
840 1554 951 1599 ater
967 1553 1017 1598 et
1036 1553 1173 1609 rugis
1194 1552 1335 1596 vetus

436 1624 648 1672 frontem
669 1624 890 1672 senectus
910 1626 1093 1682 exaret,

380 1697 575 1753 hietque
595 1698 753 1754 turpis
772 1698 902 1745 inter
922 1697 1084 1744 aridas
1103 1699 1243 1744 nates

437 1771 592 1827 podex
611 1771 745 1818 velut
765 1771 942 1818 crudae
956 1769 1091 1817 bovis
1107 1773 1127 1817 P

382 1845 474 1892 Sed
492 1844 666 1892 incitat
687 1860 763 1891 me
783 1846 951 1901 peetus
972 1846 1022 1891 et
1041 1858 1281 1890 mammae
1300 1844 1484 1900 putres,

436 1919 611 1973 equina,
631 1918 793 1974 quales
811 1917 979 1975 ubera,

383 1993 644 2047 venterque
663 1991 819 2039 mollis
840 1994 890 2039 et
910 1991 1073 2040 femur
1090 1989 1392 2038 tumentibus

439 2065 561 2112 exile
581 2065 706 2112 suris
726 2065 945 2112 additum
962 2067 973 2113 1

382 2138 504 2184 Esto
522 2137 683 2194 beata,
703 2139 852 2197 funus
872 2139 1017 2194 atque
1036 2137 1271 2194 imagines

436 2211 617 2259 ducant
637 2211 957 2268 triumphales
976 2213 1136 2269 tuum,

380 2301 468 2332 neo
489 2285 552 2331 sit
573 2285 766 2343 marita,
788 2300 909 2341 quae
928 2285 1291 2332 rotundioribus

436 2357 614 2403 onusta
630 2355 762 2403 bacis
780 2354 1014 2403 ambulet.

382 2428 523 2485 Quid,
546 2429 672 2485 quod
690 2428 837 2475 libelli
859 2428 1008 2475 Stoici
1027 2428 1157 2475 inter
1177 2429 1352 2477 sericos

437 2502 592 2549 iacere
608 2501 832 2558 pulvillos
853 2503 1047 2548 amant?

365 2577 380 2621 [
401 2576 505 2626 147]
