2109 2975
403 634 457 679 25

1051 172 1272 213 HORATI

627 268 796 315 Virtus
817 267 1071 317 recludens
1091 268 1345 317 immeritis
1365 267 1490 317 mori
1568 280 1572 284 ’

625 340 811 389 caelum
832 342 1013 397 negata
1032 343 1246 398 temptat
1266 342 1361 390 iter
1379 342 1473 399 via,

678 416 936 471 coetusque
956 414 1186 474 vulgares
1207 417 1257 463 et
1278 416 1424 463 udam

734 488 920 545 spernit
941 489 1145 537 humum
1166 489 1385 547 fugiente
1406 504 1580 545 penna.

623 613 715 659 Est
735 614 785 661 et
805 614 934 661 fideli
952 616 1066 662 tuta
1086 613 1275 662 silentio

623 702 804 735 merces
825 709 835 735 ι
865 688 1056 745 vetabo,
1080 689 1163 745 qui
1184 687 1374 736 Cereris
1396 702 1588 735 sacrum

674 760 885 819 vulgarit
905 778 1134 820 areanae,
1156 762 1246 810 sub
1266 762 1413 809 isdem

731 836 794 884 sit
813 836 1036 892 trabibus
1056 837 1374 894 fragilemque
1395 850 1581 884 meeum
1664 891 1667 893 v

620 961 775 1009 solvat
795 962 1029 1018 phaselon
1049 981 1064 1019 3
1096 976 1239 1018 saepe
1260 959 1511 1016 Diespiter

615 1034 864 1091 neglectus
883 1035 1071 1083 incesto
1090 1035 1278 1083 addidit
1296 1034 1545 1091 integrum
1566 1053 1580 1080 z

671 1122 784 1155 raro
802 1108 1172 1156 antecedentem
1192 1106 1449 1155 scelestum

727 1180 940 1228 deseruit
961 1181 1082 1237 pede
1100 1180 1265 1228 Poena
1283 1179 1472 1229 claudo.

1105 1442 1190 1492 111

613 1555 836 1602 IUSTUM
857 1557 906 1602 et
927 1556 1151 1603 tenacem
1172 1553 1408 1610 propositi
1426 1552 1587 1602 virum

612 1643 709 1676 non
729 1627 905 1676 civium
926 1628 1074 1675 ardor
1094 1642 1247 1683 prava
1264 1627 1553 1684 iubentium,

667 1716 766 1748 non
780 1700 946 1748 vultus
966 1700 1200 1748 instantis
1219 1700 1417 1757 tyranni

724 1776 887 1837 mente
907 1774 1068 1830 quatit
1089 1774 1243 1822 solida
1262 1789 1413 1831 neque
1432 1774 1631 1832 Auster,

612 1898 711 1945 dux
728 1897 933 1954 inquieti
950 1899 1177 1947 turbidus
1199 1898 1434 1955 Hadriae,

612 1986 700 2018 nee
720 1970 1028 2019 fulminantis
1051 1987 1232 2029 magna
1250 1986 1423 2020 manus
1443 1971 1572 2018 Iovis
1591 1991 1602 2027 ;
1677 2033 1681 2037 ι

667 2044 708 2092 si
726 2044 914 2093 fruetus
934 2044 1171 2093 illabatur
1190 2044 1336 2102 orbis,

722 2117 1020 2181 impavidum
1042 2117 1220 2166 ferient
1241 2117 1428 2166 ruinae.

609 2241 719 2289 Hae
739 2243 846 2290 arte
868 2242 1046 2290 Pollux
1067 2245 1117 2290 et
1138 2257 1291 2299 vagus
1311 2241 1547 2290 Hercules

609 2315 768 2363 enisus
789 2332 924 2364 arces
945 2316 1116 2372 attigit
1134 2317 1317 2373 igneas,

665 2403 781 2443 quos
801 2388 933 2435 inter
954 2389 1211 2444 Augustus
1232 2388 1513 2436 recumbens

722 2475 966 2516 purpureo
984 2459 1108 2507 bibit
1129 2476 1209 2509 ore
1230 2463 1414 2510 nectar.

568 2534 682 2583 [72]
