2109 2975
944 215 947 221 ¹
1034 199 1255 240 HORATI
1290 215 1293 218 ·

363 292 447 348 380
469 296 785 359 indoctusque
813 295 939 352 pilae
961 296 1140 345 discive
1159 295 1376 343 trochive
1392 293 1617 353 quiescis,

468 385 531 418 ne
552 370 730 426 spissae
751 370 903 417 risum
923 369 1106 417 tollant
1125 368 1322 425 impune
1343 383 1547 415 coronae
1568 389 1579 416 ε

469 444 551 500 qui
570 445 723 492 nescit
743 459 910 492 versus
931 445 1097 492 tamen
1116 444 1264 491 audess
1283 443 1481 499 fingere.
1543 442 1750 499 Quidni?

470 519 614 566 Liber
630 521 680 567 et
700 519 957 576 ingenuus,
979 518 1267 575 praesertim
1286 533 1458 566 census
1477 521 1749 574 eques‘nrem

469 607 707 640 summam
727 607 1037 639 nummorum
1055 592 1270 649 vifioque
1289 593 1505 638 remoizus
1525 591 1585 638 ab
1604 593 1750 640 omni.

363 665 445 718 385
472 665 549 712 Tu
568 665 689 712 nihil
708 665 864 713 invita
882 666 1011 714 dices
1031 666 1240 714 faciesve
1260 664 1514 721 Minerva3

468 739 516 785 id
556 739 645 786 tihi
672 740 916 787 iudicium
953 742 1046 798 est,
1088 755 1146 787 ea
1185 753 1336 787 menS.
1413 738 1466 786 Si
1505 738 1619 795 quid
1657 741 1824 788 isamen

580 812 695 859 olim

469 884 733 943 scripseris,
755 886 806 933 in
826 886 986 942 Maeci
1006 886 1268 934 descendat
1286 884 1456 932 iudicis
1477 900 1618 933 aures

469 958 519 1003 et
534 958 689 1013 pai-,ris
700 961 750 1006 et
765 962 976 1017 nostras,
998 974 1276 1015 nonumque
1292 959 1548 1014 prematur
1555 958 1606 1004 in
1620 972 1821 1016 annum,

470 1030 762 1089 membranis
781 1031 916 1078 intus
937 1031 1108 1087 posit-,is
1127 1052 1137 1079 :
1171 1030 1330 1078 delere
1351 1029 1514 1077 licebik

362 1114 447 1159 390
471 1103 594 1158 quod
616 1118 713 1150 non
734 1104 939 1151 edideris
956 1124 968 1160 3
997 1104 1154 1151 nescii.
1174 1117 1267 1149 vox
1289 1103 1437 1149 missa
1457 1103 1652 1150 reverti.

472 1175 729 1233 Silvestres
750 1176 967 1223 homines
989 1191 1126 1223 sacer
1146 1175 1481 1230 interpresque
1502 1176 1703 1223 deorum

469 1248 693 1310 caedibus
713 1250 763 1295 ei.
782 1249 915 1295 viciu
934 1247 1077 1294 foedo
1095 1247 1335 1294 deierruit
1356 1246 1597 1303 Orpheus,

470 1322 626 1369 dicius
646 1322 707 1369 ob
725 1322 815 1369 hoc
834 1322 985 1370 lenire
1004 1321 1158 1378 {aig-res
1178 1321 1464 1376 rabidosque
1484 1321 1671 1379 leones3

470 1394 627 1441 dicius
648 1396 698 1441 et
717 1394 977 1450 Amphion,
1001 1394 1260 1441 Thebanae
1281 1393 1502 1441 conditor
1520 1394 1670 1452 urbis,

363 1473 446 1521 395
470 1483 588 1515 saxa
607 1481 797 1515 movere
818 1482 935 1516 sono
954 1466 1215 1514 teskudinis
1235 1468 1286 1514 et
1306 1481 1446 1523 prece
1464 1466 1645 1515 blanda

470 1543 643 1589 ducere
663 1556 756 1597 quo
775 1541 937 1589 velleiz.
998 1541 1116 1587 Fuit
1135 1540 1256 1588 haec
1276 1540 1515 1596 sapientia
1534 1542 1794 1599 quondam,

470 1614 662 1670 publica
682 1613 885 1670 privatis
905 1628 1172 1671 secernere,
1196 1629 1337 1661 sacra
1355 1614 1592 1671 profanis,

470 1686 729 1733 concubitu
748 1686 998 1744 prohibere
1018 1701 1160 1743 vago,
1182 1686 1299 1734 dare
1318 1686 1427 1734 iura
1445 1687 1652 1745 maritis,

469 1759 647 1815 oppida
660 1759 833 1816 moliri,
855 1759 985 1816 leges
1004 1759 1219 1826 incidere
1237 1760 1385 1818 ligno.

361 1850 446 1891 400
472 1833 550 1881 Sic
570 1833 724 1880 honor
742 1834 793 1881 ei,
812 1848 986 1881 nomen
1006 1833 1182 1881 divinis
1201 1834 1396 1881 vakibus
1415 1835 1560 1890 afflue

470 1906 761 1953 carminibus
781 1906 931 1954 venit.
993 1907 1114 1954 Post
1133 1907 1221 1955 hos
1241 1907 1444 1964 insignis
1464 1908 1711 1957 Homerus

469 1977 802 2035 Tyriaeusque
822 1992 981 2025 mares
1001 1979 1186 2026 animos
1206 1978 1256 2025 in
1278 1979 1464 2026 Marffia
1482 1979 1612 2028 bella

469 2050 685 2098 versibus
705 2051 924 2108 omnuim
953 2051 1109 2099 dictae
1129 2066 1216 2108 per
1235 2051 1452 2099 carmina
1472 2055 1652 2110 sorbes3

468 2126 519 2171 et
539 2125 667 2172 vitae
688 2125 960 2171 monstraka
978 2124 1061 2171 via
1078 2125 1154 2172 est
1171 2143 1183 2182 ;
1213 2126 1263 2172 et
1281 2124 1445 2182 gratia
1463 2140 1634 2184 regum

360 2208 444 2256 405
474 2197 643 2244 Pieriis
663 2198 906 2253 iemptata
925 2197 1077 2246 modis
1098 2217 1110 2255 3
1141 2197 1380 2254 ludusque
1399 2200 1623 2256 reperius

468 2274 519 2320 ef.
537 2271 789 2328 longorum
808 2286 1009 2327 operum
1030 2271 1168 2319 finis:
1197 2287 1257 2320 ne
1277 2271 1406 2319 forte
1427 2272 1598 2328 pudori

470 2345 533 2392 sit
552 2343 643 2391 tibi
663 2344 810 2403 Musa
828 2344 962 2401 lyrae
982 2344 1152 2392 sollers
1173 2345 1222 2390 et
1242 2346 1414 2392 cantor
1433 2344 1622 2401 Apollo,

470 2419 664 2466 Natura
683 2419 821 2466 fierei.
839 2418 1080 2466 laudabile
1100 2434 1296 2467 carmen
1312 2435 1375 2466 an
1396 2422 1503 2468 arize

725 2511 785 2544 393
826 2507 981 2552 rapidos
1361 2511 1422 2544 394
1461 2509 1563 2544 arcis

567 2565 582 2611 [
604 2578 675 2615 304
695 2565 711 2612 1
