2109 2975
1043 178 1267 220 ΗΟΒΑΤῙ

477 276 658 326 diceret
676 278 795 326 haec
813 276 1005 326 animus
1022 300 1035 327 :
1069 278 1082 300 ‘
1099 278 1227 335 Quid
1245 278 1318 326 vis
1338 276 1464 326 tibi?
1489 278 1725 337 numquid
1743 296 1835 338 ego

589 368 621 399 a
637 352 687 399 te

398 442 455 485 70
477 439 654 482 magno
672 425 967 484 prognatum
990 426 1194 483 deposco
1215 425 1409 474 consule
1430 441 1643 473 cunnum

477 498 786 555 velatumque
808 500 935 547 stola
954 516 1063 548 mea
1082 516 1192 548 cum
1213 499 1487 548 conferbuit
1506 500 1610 547 ira?
1627 500 1638 520 '

478 571 604 628 Quid
624 573 967 628 responderet?
1025 573 1038 595 ‘
1052 574 1238 631 Magno
1249 575 1390 629 patre
1409 575 1531 621 nata
1543 573 1707 629 puella
1718 573 1828 622 est.’

476 645 546 692 At
566 647 749 702 quanto
768 647 969 695 meliora
989 648 1155 695 monet
1174 646 1537 704 pugnantiaque
1556 646 1664 694 istis

477 718 610 766 dives
630 718 731 774 opis
753 722 932 768 natura
952 737 1084 778 suae,
1106 722 1166 768 tu
1184 720 1226 767 si
1244 719 1386 767 modo
1402 721 1535 767 recte

396 805 453 851 75
477 790 754 847 dispensare
773 793 892 839 velis
912 808 969 840 ac
989 808 1089 841 non
1108 792 1341 849 fugienda
1357 792 1582 848 petendis

474 862 758 913 immiscere.
820 866 925 912 Tuo
944 865 1065 913 vitio
1084 880 1311 913 rerumne
1330 865 1519 913 labores

475 936 545 984 nil
565 937 749 985 referre
769 940 948 994 putas?
1005 939 1168 996 Quare
1188 953 1250 987 ne
1270 936 1518 995 paeniteat
1536 939 1588 987 te

478 1010 641 1058 desine
660 1012 910 1059 matronas
930 1012 1181 1070 sectarier,
1202 1011 1331 1060 unde
1346 1011 1525 1059 laboris

477 1084 587 1140 plus
607 1083 803 1132 haurire
819 1084 937 1132 mali
953 1086 1029 1132 est
1042 1101 1189 1143 quam
1204 1100 1265 1132 ex
1283 1101 1336 1133 re
1352 1085 1608 1142 decerpere
1621 1086 1832 1135 fruetus.

399 1166 454 1208 80
477 1156 581 1205 Nec
602 1158 755 1215 magis
774 1157 888 1205 huic
906 1157 1036 1206 inter
1054 1156 1221 1206 niveos
1239 1158 1510 1215 viridesque
1529 1158 1721 1215 lapillos

478 1230 560 1287 (sit
588 1230 701 1278 licet
729 1230 834 1287 hoc,
858 1229 1105 1289 Cerinthe,
1126 1230 1286 1288 tuum)
1313 1233 1537 1281 tenerum
1571 1234 1647 1281 est
1673 1233 1835 1282 femur

589 1305 674 1350 aut
695 1319 805 1351 crus

476 1377 672 1432 rectiuS,
695 1379 840 1433 atque
861 1377 1009 1425 etiam
1030 1377 1202 1426 melius
1221 1393 1451 1434 persaepe
1469 1380 1667 1436 togatae
1687 1380 1779 1426 est.

475 1451 613 1499 Adde
631 1450 727 1499 huc
747 1452 875 1507 quod
895 1468 1105 1502 mercem
1127 1453 1228 1500 sine
1248 1452 1374 1501 fucis
1395 1453 1572 1508 gestat,
1594 1453 1763 1509 aperte

477 1525 602 1581 quod
622 1526 791 1572 venale
810 1526 960 1574 habet
979 1527 1210 1584 ostendit,
1233 1541 1322 1574 nec
1339 1525 1379 1572 si
1400 1525 1514 1582 quid
1533 1526 1723 1574 honesti
1738 1527 1830 1581 est,

396 1615 422 1654 3
426 1623 451 1667 5
474 1598 627 1646 iactat
646 1598 887 1655 habetque
907 1600 1088 1658 palam,
1110 1599 1302 1657 quaerit
1321 1615 1417 1656 qno
1436 1598 1603 1654 turpia
1621 1598 1761 1647 celet.

476 1672 691 1727 Regibus
710 1673 788 1719 hic
808 1689 910 1720 mos
924 1676 999 1721 est
1020 1695 1031 1721 z
1062 1674 1151 1722 ubi
1170 1689 1316 1731 equos
1324 1675 1606 1721 mercantur
1623 1674 1819 1730 opertos

474 1744 754 1802 inspiciunt,
777 1762 836 1794 ne
857 1746 897 1793 si
911 1746 1061 1795 facies
1081 1749 1138 1794 ut
1159 1763 1301 1804 saepe
1322 1747 1496 1795 decora

476 1817 610 1864 molli
629 1817 760 1865 fulta
774 1820 893 1875 pede
914 1817 989 1867 est
1008 1821 1276 1877 emptorem
1297 1820 1499 1868 inducat
1517 1818 1754 1876 hiantem,

477 1892 603 1947 quod
610 1892 842 1947 pulchrae
849 1892 1014 1942 clunes
1019 1893 1179 1951 ,breve
1187 1893 1314 1950 quod
1323 1893 1646 1950 caput,ardua
1652 1892 1830 1941 cervix.

395 1985 454 2029 90
478 1966 588 2013 Hoc
606 1965 677 2012 illi
695 1968 827 2014 recte
842 1986 856 2014 ε
888 1982 950 2015 ne
972 1968 1184 2024 corporis
1204 1967 1390 2024 optima
1409 1966 1588 2023 Lyncei

478 2038 803 2094 contemplere
822 2040 990 2096 oculis,
1012 2040 1247 2096 Hypsaea
1266 2037 1449 2085 caecior
1467 2038 1554 2085 illa

477 2128 600 2168 quae
614 2112 742 2159 mala
755 2114 870 2160 sunt
879 2114 1082 2169 spectes.
1126 2113 1288 2159 Ocrus
1306 2116 1316 2159 Ξ
1339 2111 1625 2159 obracchia!
1646 2112 1832 2160 Verum

477 2185 695 2242 depugis,
717 2188 912 2243 nasuta,
934 2186 1071 2233 brevi
1090 2185 1244 2233 latere
1264 2201 1321 2232 ac
1341 2185 1460 2240 pede
1479 2185 1624 2241 longo
1644 2187 1734 2232 est.

478 2259 736 2306 Matronae
756 2262 949 2315 praeter
968 2258 1143 2305 faciem
1165 2258 1235 2303 nil
1255 2273 1452 2306 cernere
1472 2258 1641 2315 possis,

395 2351 453 2397 95
477 2333 656 2389 cetera,
677 2332 727 2378 ni
749 2331 893 2380 Catia
911 2336 1001 2388 est,
1025 2330 1235 2378 demissa
1254 2330 1387 2377 veste
1408 2330 1634 2388 teg-cntiS.

479 2406 530 2453 Si
550 2406 810 2454 interdicta
828 2406 980 2461 petes,
1002 2403 1130 2451 vallo
1151 2403 1451 2451 circumdata
1472 2405 1602 2460 (nam
1622 2406 1671 2450 te

476 2480 565 2528 hoc
585 2479 704 2527 facit
723 2476 985 2533 insanum),
1008 2476 1193 2524 multae
1213 2475 1303 2525 tibi
1318 2479 1425 2523 tum
1445 2476 1651 2525 officient
1672 2491 1765 2533 res,

573 2553 590 2600 [
610 2554 678 2592 168
696 2552 714 2598 ]
