2109 2975
298 685 352 716 10

297 1052 350 1099 Ι5

293 2369 347 2400 10

747 204 1065 246 CARMINUM
1098 205 1180 248 111.
1208 215 1277 254 xV‚
1296 215 1370 245 xv1

493 302 624 350 inter
642 302 811 351 ludere
829 303 1043 361 virgines

549 378 599 423 et
619 377 772 426 stellis
791 378 1020 427 nebulam
1039 392 1269 435 spargere
1288 377 1520 427 candidis.

493 449 623 507 Non,
643 452 685 497 si
703 451 819 507 quid
838 451 1054 499 Pholoen
1074 451 1211 508 satis,

547 524 599 571 et
615 524 686 580 te,
707 523 890 581 Chlori,
911 524 1053 573 decet
1070 544 1083 571 ε
1112 524 1214 572 filia
1230 524 1412 573 rectius

491 599 741 654 expugnat
758 598 990 646 iuvenum
1010 598 1195 655 domos,

545 668 684 725 pulso
703 670 882 727 Thyias
902 671 977 718 uti
996 671 1188 719 concite.
1206 674 1452 728 tympano.

492 741 636 789 Illam
658 743 789 800 cogit
809 759 949 792 amor
968 744 1123 792 Nothi

547 815 755 865 lascivae
777 817 980 865 similem
1001 817 1169 866 ludere
1188 832 1420 874 capreae:

487 890 540 937 te
558 889 698 939 lanae
724 906 873 948 prope
889 890 1099 939 nobilem

545 965 713 1012 tonsae
734 964 1006 1021 Luceriam,
1027 979 1126 1012 non
1147 964 1365 1012 citharae
1383 964 1556 1013 decent

490 1051 578 1085 nec
598 1036 684 1084 flos
706 1053 981 1094 purpureus
1002 1052 1141 1085 rosae

545 1124 634 1159 nec
653 1111 758 1167 poti
777 1110 994 1159 vetulam
1012 1110 1148 1159 faece
1166 1111 1311 1159 tenus
1330 1110 1453 1158 cadi.

989 1433 1113 1483 XVI

488 1561 780 1609 Incnnsiffl
801 1562 1006 1609 Danaen
1026 1560 1179 1608 turris
1199 1562 1349 1607 aenea

488 1634 809 1691 robustaeque
828 1635 958 1682 sores
978 1635 1031 1682 et
1048 1632 1254 1689 vigilum
1274 1647 1449 1680 canum

487 1708 654 1756 tristes
674 1707 902 1757 excubiae
920 1707 1202 1755 munierant
1221 1706 1340 1754 satis

599 1782 848 1830 nocturnis
867 1781 930 1829 ab
950 1780 1202 1838 adulteris,

490 1924 530 1983 si
550 1941 647 1973 non
667 1924 910 1973 Acrisium
928 1923 1131 1981 virginis
1150 1923 1343 1971 abditae

487 1994 732 2042 custodem
751 1994 979 2050 pavidum
999 1992 1225 2051 Iuppiter
1243 1993 1294 2040 et
1314 1993 1478 2040 Venus

484 2066 704 2115 risissent
716 2084 732 2115 ε
759 2067 865 2116 fore
884 2067 1013 2115 enim
1034 2068 1200 2115 tutum
1220 2066 1316 2114 iter
1334 2068 1385 2114 et
1406 2067 1578 2122 patens

597 2148 827 2188 converso
846 2140 896 2188 in
917 2140 1128 2197 pretium
1151 2140 1254 2189 deo.

455 2281 646 2328 Aurum
666 2297 754 2338 per
773 2282 954 2331 medios
973 2281 1046 2330 ire
1068 2281 1304 2330 satellites

454 2357 505 2402 et
524 2371 837 2413 perrumpere
857 2358 993 2404 amat
1013 2372 1133 2404 saxa
1153 2354 1400 2412 potentius

459 2428 561 2475 ictu
580 2428 844 2477 fulmineo:
878 2429 1088 2478 concidit
1108 2428 1309 2485 auguris

475 2573 491 2620 [
568 2502 741 2622 Alirgivi
762 2503 932 2550 domus
952 2502 1011 2550 ob
1032 2503 1223 2550 lucrum

508 2586 554 2623 91
