2109 2975
1015 196 1239 236 HORATI

460 293 582 349 hoc,’
605 292 782 350 aiebat,
806 291 818 315 ‘
841 295 890 340 et
909 293 1000 341 hoc
1018 314 1028 341 ι
1044 295 1055 314 ’
1080 295 1251 343 melius
1270 296 1320 343 te
1340 312 1478 353 posse
1500 312 1703 355 negares

351 382 437 424 440
459 365 531 411 bis
551 367 720 421 terque
740 368 992 422 expertum
1015 367 1218 425 frustra,
1241 368 1399 417 delere
1420 370 1617 418 iubebat

460 441 509 486 et
530 439 655 486 male
673 441 893 486 tornatos
913 439 1078 487 incudi
1097 441 1296 489 reddere
1317 458 1501 492 versus,

462 513 511 559 Si
531 511 789 560 defendere
810 512 1039 560 delictum
1061 529 1205 569 quam
1226 516 1416 563 vertere
1437 516 1620 574 malles,

459 585 646 632 nullum
663 586 796 633 ultra
808 586 1009 634 verbum
1023 589 1111 634 aut
1123 602 1319 644 operam
1331 589 1604 638 insumebat
1615 591 1809 639 inanem

458 659 573 715 quin
593 658 694 706 sine
714 659 857 707 rivali
876 661 1018 715 teque
1037 663 1088 707 et
1106 662 1196 708 tua
1215 662 1344 708 solus
1365 678 1568 711 amareS.

352 741 435 788 445
458 732 549 779 Vir
567 731 723 780 bonus
742 734 793 780 et
813 733 1024 789 prudens
1044 749 1213 781 versus
1233 736 1554 791 reprehendet
1573 736 1771 795 inertes,

458 804 675 861 culpabit
694 806 858 862 duros,
880 806 1137 863 incomptis
1159 807 1329 855 allinet
1348 811 1512 856 atrum

457 882 677 927 traverso
696 880 883 927 calamo
903 879 1112 937 signum,
1135 880 1390 928 ambitiosa
1409 881 1593 929 recidet

457 955 759 1010 ornamenta,
781 968 955 1010 parum
976 953 1120 1001 claris
1138 953 1295 1001 lucem
1315 954 1432 1002 dare
1451 957 1609 1012 coget,

457 1027 630 1081 arguet
650 1025 874 1082 ambigue
895 1025 1098 1082 dictum,
1119 1026 1358 1073 mutanda
1377 1026 1585 1083 notabit,

350 1105 437 1154 450
457 1097 542 1145 fiet
561 1098 905 1155 Aristarchus3
936 1113 1033 1145 non
1054 1098 1183 1146 dicet
1202 1119 1214 1145 e
1245 1098 1257 1120 ‘
1277 1099 1379 1147 Cur
1397 1113 1489 1155 ego
1507 1100 1717 1147 amicum

456 1172 700 1219 offendam
719 1172 771 1218 in
791 1171 933 1228 nugis
946 1174 967 1219 P
982 1172 994 1192 ’
1056 1172 1168 1219 Hae
1188 1186 1346 1228 nugae
1367 1172 1492 1219 seria
1512 1173 1692 1221 ducent

455 1245 506 1291 in
526 1244 655 1292 mala
674 1244 885 1292 derisum
906 1245 1052 1292 semel
1072 1246 1424 1300 exceptumque
1444 1245 1657 1294 sinistre.

456 1318 528 1365 Ut
546 1317 677 1365 mala
695 1333 835 1375 quem
857 1317 1040 1365 scabies
1059 1319 1148 1364 aut
1167 1317 1364 1364 morbus
1383 1318 1545 1375 regius
1564 1321 1710 1378 urget

457 1393 543 1439 aut
561 1391 806 1440 fanaticus
826 1406 964 1438 error
983 1393 1033 1438 et
1051 1390 1290 1439 iracunda
1310 1391 1488 1449 Diana,

350 1492 378 1533 4
380 1486 406 1533 5
408 1490 433 1536 5
455 1481 686 1514 vesanum
706 1465 923 1523 tetigisse
942 1465 1120 1513 timent
1138 1464 1431 1522 fugiuntque
1450 1467 1642 1522 poetam

455 1541 535 1597 qui
556 1540 752 1596 sapiunt
776 1559 789 1596 3
820 1539 1012 1596 agitant
1032 1538 1172 1594 pueri
1191 1538 1469 1594 incautique
1490 1540 1774 1596 sequuntur.

456 1615 570 1671 Hic,
592 1614 708 1661 dum
729 1612 946 1660 sublimis
967 1627 1134 1659 versus
1154 1614 1382 1660 ructatur
1401 1615 1451 1660 et
1471 1615 1624 1670 errat,

458 1688 498 1735 si
516 1687 668 1735 veluti
688 1686 883 1734 merulis
903 1684 1124 1733 intentus
1145 1685 1324 1734 decidit
1343 1701 1537 1743 auceps·

453 1762 506 1808 in
525 1764 726 1818 puteum
745 1761 1010 1818 foveamve,
1033 1760 1163 1819 licet,
1188 1761 1200 1782 ‘
1221 1760 1533 1819 Succurrite,'
1556 1763 1753 1819 longum

347 1845 434 1899 460
456 1835 647 1892 clamet,
672 1835 684 1856 ‘
700 1836 755 1882 Io
776 1834 929 1884 cives!
947 1835 979 1893 ’,
1001 1851 1098 1882 non
1119 1835 1184 1883 sit
1204 1835 1287 1892 qui
1305 1835 1476 1883 tollere
1496 1838 1649 1883 curet.

458 1909 508 1955 Si
527 1910 664 1956 curet
683 1908 789 1965 quis
808 1924 947 1965 opem
968 1908 1097 1957 ferre
1117 1910 1168 1956 et
1188 1908 1441 1957 demittere
1461 1908 1646 1966 funem,

458 1983 470 2004 ‘
487 1982 580 2039 Qui
601 1984 691 2030 scis
712 1998 776 2030 an
796 1984 1007 2039 prudens
1029 1982 1123 2030 huc
1145 1997 1194 2028 se
1214 1981 1470 2038 proiecerit
1484 1984 1632 2038 atque

456 2056 639 2104 servari
657 2057 811 2104 nolit?
826 2058 836 2075 ’
867 2057 1041 2112 dicam,
1066 2054 1307 2111 Siculique
1328 2056 1499 2111 poetae

454 2131 662 2178 narrabo
680 2131 950 2178 interitum.
1010 2128 1146 2176 Deus
1166 2128 1453 2176 immortalis
1472 2128 1640 2176 haberi

347 2211 432 2264 465
456 2205 570 2251 dum
592 2204 725 2260 cupit
746 2201 1076 2259 Empedocles,
1098 2202 1347 2250 ardentem
1366 2201 1573 2258 frigidus
1593 2202 1807 2251 Aetnam

456 2277 658 2325 insiluit.
720 2276 795 2322 Sit
815 2276 889 2323 ius
910 2276 1148 2333 liceatque
1169 2276 1326 2332 perire
1345 2275 1532 2332 poetis:

455 2351 662 2397 invitum
682 2348 762 2404 qui
783 2350 945 2395 servat
966 2348 1090 2395 idem
1111 2348 1232 2395 facit
1253 2347 1505 2396 occidenti.

456 2424 559 2472 Nec
580 2422 726 2469 semel
746 2421 836 2468 hoc
855 2421 992 2479 feeit,
1014 2436 1104 2469 nec
1125 2421 1166 2468 si
1185 2424 1430 2470 retractus
1452 2420 1545 2467 erit
1564 2420 1661 2467 iam

454 2497 538 2543 fiet
558 2496 700 2542 homo
719 2496 768 2541 et
787 2496 933 2550 ponet
952 2495 1166 2542 famosae
1187 2496 1354 2542 mortis
1375 2508 1604 2541 amorem.

548 2567 686 2619 [306]
