2109 2975
759 194 1099 239 SATfflARUM
1134 198 1168 237 Ι.
1195 206 1242 238 V1

313 294 434 343 udos
453 310 565 343 cum
586 293 714 342 foliis
734 303 896 343 ramos
915 296 1090 343 urente
1111 295 1312 343 camino.

314 369 412 416 Hie
431 385 522 425 ego
541 368 819 416 mendacem
839 368 1156 417 stultissimus
1175 384 1324 425 usque
1346 369 1554 426 puellam

311 442 375 489 ad
395 442 602 490 mediam
620 442 811 489 noctem
831 444 1085 497 exspecto:
1119 458 1315 489 somnus
1326 444 1493 490 tamen
1504 443 1670 491 aufert

309 515 557 563 intentum
584 514 795 571 Veneri3
821 517 929 562 tum
947 515 1198 562 immundo
1217 516 1402 563 somnia
1420 516 1529 563 visu

231 594 285 649 85
311 590 602 636 nocturnam
622 589 805 635 vestem
827 586 1080 635 maculant
1090 590 1405 644 ventremque
1421 589 1663 645 supinum.

310 661 558 717 Quattuor
576 661 688 708 hinc
708 660 928 717 rapimur
946 659 1122 716 viginti
1141 661 1191 707 et
1211 661 1344 708 milia
1362 662 1538 719 raedis,

307 735 528 781 mansuri
546 733 773 790 oppidulo
791 733 917 790 quod
937 748 1082 780 versu
1101 734 1259 780 dic'ere
1279 749 1375 780 non
1395 736 1487 792 est,

308 807 459 863 signis
478 806 707 863 perfacile
726 808 832 854 esta
858 807 995 854 venit
1013 806 1247 854 vilissima
1264 822 1428 855 rerum

307 878 387 926 hic
407 895 560 935 aqua3
593 879 678 927 sed
697 879 836 935 panis
857 879 996 936 longe
1017 878 1389 937 pulcherrimus,
1410 879 1545 928 ultra

222 967 281 1011 90
309 951 510 1000 callidus
529 954 587 999 ut
606 952 758 1000 soleat
778 953 957 1000 umeris
976 954 1174 1008 portare
1192 953 1379 1010 viator3

306 1041 420 1074 nam
441 1025 622 1073 Canusi
641 1025 903 1083 lapidosus,
923 1040 1077 1082 aquae
1097 1041 1195 1073 non
1214 1026 1360 1073 ditior
1379 1042 1506 1074 urna

304 1099 386 1155 qui
406 1099 538 1147 locus
557 1114 589 1146 a
607 1099 727 1146 forti
746 1099 982 1147 Diomede
1001 1101 1079 1147 est
1098 1098 1320 1147 conditus
1339 1099 1471 1147 olim.

303 1172 556 1220 Flentibus
574 1171 688 1220 hinc
707 1172 886 1220 Varius
906 1172 1110 1221 discedit
1130 1174 1343 1221 maestus
1363 1172 1545 1220 amicis.

302 1248 424 1294 Inde
442 1247 610 1295 Rubos
628 1245 747 1295 fessi
763 1245 1089 1305 pervenimus,
1109 1249 1281 1303 utpote
1301 1245 1500 1303 longum

220 1329 276 1376 95
302 1322 557 1377 carpentes
576 1320 671 1368 iter
689 1321 742 1368 et
761 1321 949 1368 factum
971 1320 1250 1376 corruptius
1268 1319 1429 1367 imbri.

302 1394 505 1441 Postera
522 1394 786 1449 tempestas
807 1392 992 1451 melior,
1018 1393 1101 1439 via
1119 1393 1250 1449 peior
1269 1393 1333 1440 ad
1352 1409 1501 1448 usque

299 1466 420 1515 Bari
439 1466 627 1515 moenia
643 1464 816 1523 piscosi
833 1485 847 1524 ς
875 1466 988 1515 dein
1004 1465 1189 1514 Gnatia
1208 1465 1442 1524 Lymphis

296 1540 438 1589 iratis
457 1542 709 1590 exstructa
727 1541 859 1591 dedit
876 1541 1099 1597 risusque
1115 1540 1356 1598 iocosque,

299 1615 417 1662 dum
437 1614 634 1662 flamma
651 1614 753 1662 sine
772 1615 888 1662 tura
908 1614 1172 1670 liquescere
1190 1613 1355 1661 limine
1376 1629 1515 1661 sacro

194 1699 276 1732 100
300 1689 589 1745 persuadere
608 1687 760 1743 cupit.
820 1688 1003 1739 Credat
1023 1687 1232 1735 Iudaeus
1251 1686 1444 1743 Apella,

297 1777 393 1809 non
407 1777 497 1818 ego
513 1781 526 1809 z
555 1776 764 1817 namque
776 1760 890 1810 deos
906 1761 1050 1809 didici
1066 1776 1288 1809 securum
1303 1774 1447 1817 agere
1462 1773 1653 1812 aevum,

296 1851 385 1882 nec
405 1834 446 1881 si
465 1833 581 1890 quid
598 1833 709 1881 miri
726 1833 879 1882 faciat
897 1835 1095 1891 natura,
1116 1834 1228 1882 deos
1246 1832 1300 1883 id.

296 1909 463 1955 tristes
481 1923 542 1955 ex
561 1907 663 1954 alto
683 1906 805 1955 caeli
824 1907 1083 1954 demittere
1103 1908 1249 1954 tecto.

294 1980 612 2031 Brundisium
631 1979 804 2038 longae
821 1980 932 2030 sinis
951 1981 1245 2038 chartaeque
1265 1979 1464 2037 viaeque
1482 1982 1574 2029 est.

941 2155 1010 2203 VI

292 2273 419 2320 NON
440 2272 569 2329 quia,
592 2272 867 2328 MaecenaS,
889 2270 1138 2327 Lydorum
1160 2268 1387 2328 quicquid
1407 2268 1641 2315 Etruscos

288 2346 492 2394 incoluit
512 2346 630 2393 fines
649 2361 790 2393 nemo
807 2343 1082 2401 generosior
1100 2345 1176 2390 est
1195 2345 1264 2401 te,

289 2435 378 2466 nec
397 2418 523 2473 quod
541 2434 660 2465 avus
681 2417 771 2465 tibi
791 2419 1042 2465 maternus
1062 2415 1160 2463 fuit
1178 2417 1325 2472 atque
1345 2417 1576 2472 paternus

287 2491 402 2538 olim
423 2491 505 2546 qui
525 2489 713 2547 magnis
733 2488 998 2546 legionibus
1016 2488 1373 2545 imperitarent,

387 2563 405 2610 t
425 2563 494 2610 18³
514 2564 532 2609 ]
