2109 2975
687 202 1099 245 EPISTULARUM
1135 204 1168 244 I.
1194 213 1302 245 xvm

312 299 595 359 Ambigitur
621 300 736 357 quid
765 301 893 349 euim
908 305 930 348 P
987 302 1165 350 Castor
1190 301 1316 351 sciat
1349 318 1413 350 an
1442 303 1671 353 Dolichos

230 461 289 493 20
311 374 627 495 Brugdlilgium
648 447 835 496 Minuci
855 448 1025 497 melius
1044 449 1125 497 via
1143 450 1291 499 ducat
1311 467 1375 499 an
1395 451 1541 509 Appi.

312 521 465 577 Quem
486 520 719 569 damnosa
738 522 922 579 Venus,
945 538 1086 579 quem
1106 539 1336 581 praeceps
1355 525 1462 573 alea
1478 525 1652 582 nudat,

310 594 466 651 gloria
484 609 626 651 quem
648 611 797 651 supra
815 595 943 644 vires
963 598 1014 645 et
1032 597 1182 645 vestit
1201 599 1252 646 et
1273 599 1430 657 ungit,

310 679 453 720 quem
472 665 608 712 tenet
629 664 822 722 argenti
841 665 947 713 sitis
966 665 1250 723 importuna
1266 668 1538 725 famesque,

311 751 453 793 quem
474 738 779 794 paupertatis
799 739 958 794 pudor
974 741 1025 787 et
1044 741 1181 798 fuga,
1204 740 1336 789 dives
1355 743 1556 799 amicuS,

230 825 288 871 25
311 826 453 867 saepe
473 811 637 859 decem
657 811 789 858 vitiis
808 811 1116 871 instructior,
1137 813 1241 862 odit
1260 816 1311 862 et
1330 815 1497 870 horret
1522 836 1532 863 ε

311 885 399 931 aut
420 884 575 932 sinon
595 885 712 943 odit,
734 886 862 942 regit
882 901 939 933 ac
958 886 1110 935 veluti
1130 888 1212 944 pia
1230 890 1390 936 mater

311 956 420 1014 plus
440 973 585 1014 quam
606 974 657 1006 se
678 974 847 1015 sapere
866 961 916 1007 et
935 958 1201 1008 virtutibus
1221 975 1325 1008 esse
1345 960 1554 1017 priorem

310 1031 435 1088 vult,
456 1034 507 1080 et
524 1031 596 1080 ait
616 1047 765 1089 prope
785 1048 902 1081 vera
922 1052 933 1081 ε
965 1033 978 1054 ‘
1002 1034 1144 1082 Meae
1164 1034 1472 1092 (contendere
1492 1035 1610 1091 noli)

311 1103 574 1152 stultitiam
594 1106 853 1162 patiuntur
871 1121 985 1162 opes
1001 1125 1014 1163 3
1043 1105 1136 1154 tibi
1153 1106 1359 1162 parvula
1377 1122 1455 1155 res
1475 1110 1549 1155 est
1567 1127 1581 1156 a
1626 1162 1635 1166 ,

229 1193 288 1238 3ο
312 1179 425 1225 arta
443 1178 580 1226 decet
600 1195 774 1227 sanum
793 1180 1017 1228 comitem
1037 1181 1183 1237 toga3
1211 1179 1374 1229 desine
1394 1196 1583 1229 mecum

312 1252 535 1299 certare.'
599 1252 900 1310 Eutrapelus
913 1253 1206 1310 cuicumque
1226 1268 1399 1302 nocere
1421 1253 1613 1302 volebat

310 1324 605 1372 vestimenta
624 1324 774 1373 dabat
792 1326 1005 1382 pretiosa
1024 1345 1035 1373 ε
1067 1325 1080 1348 ‘
1096 1325 1270 1374 beatus
1285 1326 1413 1373 enim
1432 1326 1531 1374 iam

310 1412 420 1445 cum
441 1397 653 1453 pulchris
673 1398 853 1446 tunicis
874 1400 1034 1447 sumet
1053 1413 1181 1446 nova
1199 1399 1401 1447 oonsilia
1421 1401 1472 1447 et
1492 1415 1617 1457 spes,

309 1470 515 1519 dormiet
533 1471 584 1519 in
603 1472 778 1530 lucem,
801 1474 960 1522 scorto
978 1473 1240 1530 postponet
1258 1472 1517 1521 honestum

226 1552 284 1600 35
309 1544 533 1602 officium,
554 1560 777 1594 nummos
796 1546 977 1593 alienos
990 1547 1175 1602 pascet,
1198 1545 1261 1593 ad
1279 1544 1433 1593 imum

310 1617 477 1665 Thrax
496 1617 588 1665 erit
608 1620 696 1665 aut
716 1619 904 1666 olitoris
924 1620 1038 1676 aget
1057 1619 1278 1668 mercede
1298 1618 1575 1671 cabellum?
1642 1668 1645 1669 γ

308 1691 557 1740 Arcanum
577 1707 731 1748 neque
751 1694 810 1740 tu
829 1692 1124 1752 scrutaberis
1144 1691 1275 1739 illius
1294 1707 1539 1748 umquam,

309 1765 708 1822 commissumque
727 1767 863 1822 teges
884 1767 935 1814 et
954 1765 1067 1813 vino
1087 1766 1247 1825 tortus
1267 1766 1318 1826 et
1336 1765 1412 1813 ira
1429 1783 1445 1822 ς,
1522 1813 1543 1827 „.

308 1854 398 1886 nec
416 1839 507 1885 tua
524 1838 743 1886 laudabis
765 1839 929 1886 studia
946 1840 1035 1886 aut
1055 1838 1215 1899 aliena
1233 1837 1508 1895 reprendes,
1561 1887 1564 1890 ,

226 1929 286 1970 40
306 1927 397 1960 nec
418 1927 528 1960 cum
548 1911 715 1960 venari
733 1912 865 1959 volet
884 1911 982 1968 ille,
1004 1912 1233 1968 poemata
1246 1925 1448 1972 panges.

309 1985 485 2034 Gratia
503 1985 572 2033 sie
590 1986 805 2033 fratrum
824 1985 1152 2043 geminorum,
1171 1983 1461 2041 Amphionis
1481 1985 1627 2040 atque

309 2059 466 2116 Zethi,
489 2058 715 2117 dissiluit,
738 2059 892 2108 donec
912 2060 1139 2115 suspecta
1160 2072 1327 2106 severo

307 2132 542 2180 conticuit
562 2133 682 2190 lyra.
741 2132 995 2180 Fraternis
1015 2132 1212 2180 cessisse
1232 2132 1439 2188 putatur

307 2205 521 2253 moribus
540 2205 784 2262 Amphion
805 2227 816 2254 ε
845 2208 904 2255 tu
923 2206 1035 2254 cede
1054 2205 1268 2262 potentis
1286 2205 1432 2266 amici

221 2280 281 2326 45
308 2277 497 2326 lenibus
515 2278 745 2336 imperiis,
767 2279 1082 2336 quotiensque
1102 2279 1274 2330 educet
1294 2277 1345 2325 in
1365 2293 1509 2334 agros

307 2352 494 2409 Aetolis
513 2354 716 2401 onerata
735 2352 892 2412 plagis
910 2352 1132 2400 iumenta
1148 2366 1404 2408 canesque,

309 2441 453 2483 surge
474 2428 523 2473 et
543 2425 839 2473 inhumanae
859 2424 1046 2473 senium
1067 2425 1252 2482 depone
1273 2424 1532 2479 Camenae,

722 2518 762 2550 19
802 2513 951 2550 Docilis
964 2514 1071 2551 codd.
1085 2514 1261 2561 plerique

407 2570 422 2618 [
442 2573 512 2621 267
532 2571 547 2618 ]
1413 2617 1423 2625 ,
1445 2568 1462 2617 [
1480 2578 1493 2607 ¹
1516 2583 1538 2618 5
1561 2571 1572 2617 l
