2109 2975
767 201 1180 245 EPISTULARUM
1215 204 1273 246 ΙΙ.
1298 212 1315 243 1

360 316 470 350 cum
492 316 743 358 speramus
763 317 820 350 eo
838 317 943 351 rem
962 304 1222 351 venturam
1241 304 1316 360 ut,
1338 301 1480 350 simul
1503 303 1650 359 atque

360 375 578 423 carmina
595 375 814 423 rescieris
834 391 920 423 nos
940 376 1141 434 fingere,
1159 375 1435 424 commodus
1454 375 1587 424 ultro

358 462 572 496 arcessas
592 449 643 494 et
662 462 803 505 egere
823 449 957 496 vetes
977 449 1027 496 et
1049 447 1258 495 scribere
1279 462 1437 505 εοεαε.

357 520 455 572 Sed
470 523 634 568 tamen
654 523 729 568 est
749 536 924 576 operae
944 521 1156 578 pretium
1175 536 1476 578 cognoscere,
1498 520 1661 577 quales
1686 561 1692 565 .

245 604 332 648 230
354 593 574 641 aedituos
594 593 773 641 habeat
793 594 907 641 belli
928 596 1151 651 spectata
1169 593 1393 651 domique

355 666 531 724 virtue,
547 667 752 723 indigno
769 682 866 715 non
886 668 1237 716 committenda
1255 669 1442 724 poetae.

355 739 541 787 Gratus
561 740 843 788 Alexandro
860 740 965 799 regi
985 756 1163 798 magno
1181 740 1279 788 fuit
1299 740 1380 789 ille

355 812 624 871 Choerilus,
641 813 839 862 incultis
859 814 941 870 qui
958 813 1180 862 versibus
1200 816 1249 861 et
1271 814 1396 863 male
1416 815 1547 862 natis

352 886 547 934 rettulit
567 891 809 943 acceptos,
830 887 991 945 regale
1012 888 1267 945 nomisma,
1290 888 1557 945 Philippos.

241 968 328 1018 235
353 958 448 1007 Sed
467 959 620 1007 veluti
641 961 857 1014 tractata
875 962 1044 1008 notam
1064 961 1318 1018 labemque
1337 961 1601 1010 remittunt

351 1034 645 1091 atramenta,
666 1033 768 1081 fere
789 1033 1051 1090 scriptores
1072 1034 1285 1083 carmine
1305 1034 1446 1083 foedo

350 1108 601 1166 splendida
618 1108 755 1157 facta
773 1108 955 1157 linunt.
1014 1109 1153 1157 Idem
1172 1125 1260 1157 rex
1285 1109 1365 1157 ille
1384 1114 1558 1165 poe‘ma

350 1181 433 1240 qui
452 1183 564 1235 tam,
576 1181 834 1237 ridiculum
854 1183 959 1230 tam
979 1197 1090 1231 care
1110 1176 1342 1242 prodigus
1362 1183 1496 1244 emit,

349 1255 508 1303 edicto
527 1255 684 1304 vetuit
703 1271 765 1311 ne
784 1255 890 1312 quis
912 1271 962 1303 se
981 1259 1180 1313 praeter
1198 1256 1405 1312 Apellen

238 1340 326 1383 240
348 1327 587 1386 pingeret,
609 1329 697 1375 aut
717 1328 843 1376 alius
862 1329 1078 1386 Lysippo
1098 1329 1296 1377 duceret
1317 1344 1434 1376 aera

347 1401 492 1450 fortis
511 1401 778 1449 Alexandri
797 1401 989 1448 vultum
1010 1401 1307 1449 simulantia.
1370 1399 1555 1459 Quodsi

347 1473 579 1522 iudicium
601 1474 778 1523 subtile
799 1474 1016 1523 videndis
1038 1474 1226 1522 artibus
1246 1474 1366 1523 illud

346 1547 410 1594 ad
428 1546 576 1595 libros
596 1549 647 1594 et
665 1547 728 1595 ad
747 1546 865 1594 haec
884 1547 1139 1594 Musarum
1159 1547 1287 1594 dona
1305 1562 1518 1602 vocares,

346 1621 585 1668 Boeotum
605 1621 656 1668 in
677 1636 838 1669 crasso
857 1621 1042 1668 iurares
1062 1626 1172 1669 ae're
1191 1622 1381 1668 natum.

237 1698 322 1744 245
346 1692 415 1739 At
436 1707 589 1750 neque
609 1694 901 1742 dedecorant
919 1695 1010 1740 tua
1029 1693 1089 1741 de
1110 1708 1161 1740 se
1181 1692 1360 1740 iudicia
1379 1694 1525 1750 atque

345 1781 563 1823 munera,
584 1782 708 1824 quae
728 1767 887 1814 multa
906 1766 1070 1815 dantis
1092 1782 1200 1814 cum
1222 1766 1366 1815 laude
1387 1766 1633 1822 tulerunt,

345 1839 508 1887 dilecti
527 1839 617 1887 tibi
636 1839 882 1898 Vergilius
903 1840 1175 1896 Variusque
1196 1842 1364 1895 poetae
1381 1858 1394 1895 3

345 1928 432 1959 nec
453 1913 606 1970 magis
627 1914 841 1970 expressi
862 1913 1028 1960 vultus
1056 1929 1143 1970 per
1162 1918 1312 1961 aenea
1333 1913 1486 1970 signa,

344 2001 489 2041 quam
511 2002 597 2042 per
616 1988 743 2035 vatis
763 2002 883 2043 opus
903 2002 1059 2035 mores
1079 1987 1322 2043 animique
1341 1987 1555 2034 virorum

236 2073 321 2116 250
345 2059 583 2107 clarorum
606 2063 861 2116 apparent.
922 2062 1026 2108 Nec
1048 2076 1291 2108 sermones
1313 2075 1404 2118 ego
1423 2058 1617 2106 mallem
1677 2085 1680 2087 Δ

343 2137 566 2188 repentes
587 2149 675 2190 pel·
694 2134 895 2180 humum
916 2149 1062 2190 quam
1083 2149 1158 2182 res
1179 2148 1463 2190 componere
1484 2133 1664 2190 gestas,

342 2206 681 2263 terrarumque
703 2206 825 2253 situs
846 2207 897 2254 et
917 2206 1119 2253 flumina
1139 2207 1315 2264 dicere,
1338 2208 1388 2254 et
1408 2220 1545 2254 arces

343 2278 585 2326 montibus
606 2278 875 2336 impositae,
895 2281 946 2326 et
964 2278 1176 2327 barbara
1194 2295 1362 2338 regna,
1384 2278 1574 2334 tuisque

342 2351 566 2407 auspiciis
586 2353 748 2400 totum
764 2352 988 2401 confecta
1008 2351 1173 2400 duella
1192 2368 1281 2408 per
1300 2352 1485 2409 orbem,

232 2441 260 2470 2
263 2438 289 2482 5
292 2437 318 2482 5
344 2424 649 2482 claustraque
669 2425 915 2473 custodem
936 2425 1070 2482 pacis
1091 2425 1365 2474 cohibentia
1385 2424 1580 2482 Ianum,

342 2501 392 2545 et
413 2498 725 2547 formidatam
749 2498 947 2546 Parthis
967 2500 1016 2546 te
1037 2498 1254 2554 principe
1273 2499 1498 2555 Romam,

440 2571 454 2617 [
472 2571 540 2611 281
563 2571 578 2618 ]
