2109 2975
288 1318 343 1351 10

285 1732 337 1780 15

278 2156 336 2188 20

805 195 1121 238 CARMINUM
1155 193 1231 237 lv.
1258 205 1287 235 v

1034 417 1080 494 ,V

539 550 704 598 DIVIS
725 552 830 599 orte
848 550 1003 607 bonis‘,
1025 551 1206 607 optime
1228 550 1464 600 Romulae

538 625 698 670 custos
713 624 890 681 gentis,
911 624 1025 671 abes
1044 623 1142 671 iam
1162 624 1364 673 nimium
1384 626 1470 673 diu
1486 645 1499 682 3

538 698 783 744 maturum
804 689 1015 751 reditum
1035 697 1278 753 pollicitus
1299 696 1495 756 patrum

650 771 819 818 sancto
840 762 1038 817 concilio
1055 770 1174 818 redi.

538 892 716 942 Lucem
736 893 881 941 redde
901 895 1033 951 tuae,
1054 895 1153 941 dux
1172 894 1312 952 bone,
1333 894 1521 950 patriae
1542 915 1554 943 ε

535 960 694 1009 instar
713 962 840 1011 veris
860 963 989 1011 enim
1008 963 1176 1010 vultus
1194 964 1279 1011 ubi
1301 965 1418 1012 tuus

534 1034 723 1082 affulsit
742 1035 936 1109 populo,
957 1035 1146 1093 gratior
1165 1036 1205 1085 it
1225 1036 1324 1085 dies

646 1110 695 1157 et
716 1109 837 1158 soles
858 1108 1028 1158 melius
1048 1109 1226 1157 nitent.

535 1231 606 1280 Ut
627 1235 784 1281 mater
803 1233 1044 1292 iuvenem,
1070 1250 1209 1290 quem
1231 1234 1391 1283 Notus
1410 1235 1576 1284 invido

534 1305 656 1353 flatu
677 1306 932 1363 Carpathii
951 1308 1091 1354 trans
1113 1308 1259 1355 maris
1279 1324 1490 1365 aequora

533 1380 844 1427 cunctantem
865 1380 1023 1436 spatio
1036 1380 1228 1438 longius
1248 1397 1410 1429 annuo

644 1450 772 1501 dulci
791 1452 1041 1529 distincta
1060 1454 1215 1512 domo,

529 1578 654 1624 votis
675 1577 1003 1635 ominibusque
1024 1581 1076 1626 et
1096 1579 1318 1634 precibus
1338 1580 1493 1627 vocat.

530 1666 679 1698 curvo
698 1666 787 1700 nec
806 1652 980 1701 faciem
1001 1653 1142 1700 litore
1162 1652 1401 1702 dimovet:

530 1722 599 1771 sic
618 1724 865 1772 desideriis
884 1725 984 1774 icta
1003 1726 1223 1773 fidelibus

646 1798 835 1854 quaerit
854 1799 1017 1855 patria
1036 1801 1310 1848 Caesarem.

530 1923 690 1970 Tutus
706 1923 793 1971 bos
814 1923 993 1972 etenim
1014 1939 1134 1970 rura
1150 1923 1482 1987 perambulam
1539 1968 1556 1981 ,

528 1997 687 2044 nutrit
708 2012 827 2045 rura
846 1997 990 2045 Ceres
1009 1996 1232 2052 almaque
1253 1995 1521 2052 Faustitas,

527 2072 758 2126 pacatum
778 2070 987 2118 volitant
1006 2086 1093 2125 per
1113 2085 1245 2117 mare
1261 2069 1474 2125 navitae,

642 2143 827 2199 culpari
847 2144 1022 2191 metuit
1042 2143 1203 2200 Fides,

526 2268 674 2315 nullis
693 2268 927 2324 polluitur
945 2268 1085 2316 casta
1103 2267 1274 2315 domus
1294 2266 1495 2323 stupris,
1541 2276 1548 2283 ·

526 2356 631 2388 mos
652 2342 702 2388 et
720 2341 798 2387 lex
817 2341 1116 2389 maculosum
1137 2340 1351 2389 edomuit
1371 2340 1527 2403 nefas,

525 2414 793 2462 laudantur
811 2414 957 2462 simili
977 2413 1113 2470 prole
1132 2429 1414 2472 puerperae,

638 2487 831 2543 culpam
858 2503 1014 2544 poena
1033 2488 1210 2543 premit
1232 2503 1406 2535 comes.

458 2561 595 2610 [117]
