2109 2975
978 178 1200 219 HORATI

468 278 562 327 rite
583 280 801 326 Latonae
822 292 1026 333 puerum
1047 277 1294 332 canentes,

467 352 561 400 rite
581 352 876 405 crescentem
896 350 1005 397 face
1025 347 1353 406 Noctilucam,

468 439 747 483 prosperam
768 423 970 480 frugum
989 422 1287 477 celeremque
1308 436 1483 479 pronos

329 521 386 563 40
581 498 768 546 volvere
788 511 991 546 meuses.

466 606 639 663 Nupta
655 602 752 652 iam
772 604 900 652 dices
919 624 931 652 ε
964 603 1074 661 Ego
1093 603 1167 651 dis
1185 599 1411 659 amicum,

466 678 656 727 saeculo
674 679 826 727 festas
845 678 1089 726 referente
1108 677 1257 734 luces,

466 750 652 801 reddidi
671 767 885 809 carmen,
906 751 1074 800 docilis
1093 751 1344 799 modorum

575 825 700 873 vatis
722 825 917 874 Horati.
1183 868 1188 870 Α

1032 1026 1136 1075 VH

409 1138 744 1184 Dmruemm
764 1136 917 1191 nives,
937 1133 1147 1182 redeunt
1166 1133 1263 1180 iam
1285 1133 1510 1192 gramina
1527 1133 1709 1191 campis

576 1209 918 1265 arboribusque
939 1222 1103 1255 comae
1120 1225 1133 1263 ς

409 1280 569 1328 mutat
590 1281 725 1327 terra
743 1277 871 1325 vices
890 1278 941 1324 et
961 1274 1289 1324 decrescentia
1309 1275 1439 1334 ripas

578 1351 780 1400 flumina
800 1350 1116 1408 praetereunt
1132 1368 1145 1406 ;

358 1445 384 1492 5
411 1425 584 1476 Gratia
602 1441 712 1474 cum
732 1423 972 1481 Nymphis
994 1422 1291 1480 geminisque
1312 1421 1555 1470 sororibus
1574 1423 1723 1472 audet

578 1501 750 1549 ducere
770 1498 903 1546 nuda
922 1499 1108 1547 choros·
1273 1490 1280 1499 ⁴

408 1573 714 1623 Immortalis.
732 1588 793 1620 ne
813 1586 993 1629 speres,
1015 1571 1181 1617 mouet
1201 1585 1359 1617 annus
1378 1570 1429 1617 et
1448 1569 1628 1617 almum

578 1662 699 1705 quae
718 1646 851 1703 rapit
870 1644 991 1692 hora
1010 1643 1139 1691 diem
1160 1661 1172 1689 ε

409 1722 595 1780 frigora
613 1719 877 1768 mitescunt
900 1715 1150 1774 Zephyris,
1172 1731 1259 1764 ver
1278 1716 1488 1772 proterit
1507 1718 1666 1764 aestas

331 1819 385 1849 10
577 1793 853 1849 interitura,
875 1789 1019 1839 simul
1247 1811 1252 1815 ·

409 1869 615 1928 pomifer
633 1864 915 1917 Autumnus
934 1865 1102 1923 fruges
1121 1864 1371 1919 effuderit,
1393 1865 1443 1911 et
1464 1879 1575 1912 mox

575 1943 750 1989 bruma
768 1939 975 1988 recurrit
994 1939 1142 1988 iners.

409 2019 603 2065 Damna
622 2017 787 2063 tamen
807 2013 984 2062 celeres
1002 2012 1235 2069 reparant
1254 2011 1482 2058 caelestia
1499 2010 1643 2058 lunae
1663 2032 1674 2058 ε

576 2105 680 2146 noS,
700 2086 784 2136 ubi
802 2086 1083 2139 decidimus,

329 2181 381 2225 15
407 2179 501 2220 quo
519 2165 662 2219 pater
680 2162 887 2217 Aeneas,
910 2175 1003 2216 quo
1022 2159 1155 2206 dives
1177 2157 1350 2206 Tullus
1370 2158 1422 2205 et
1441 2156 1626 2214 Ancus,

573 2235 730 2292 pulvis
749 2236 800 2283 et
819 2233 994 2282 umbra
1014 2248 1197 2279 sumus.
1543 2284 1556 2293 ι

408 2311 525 2368 Quis
547 2310 654 2366 seit,
676 2324 738 2356 an
760 2306 976 2354 adiciant
995 2305 1255 2352 hodiernae
1276 2296 1491 2352 crastiua
1511 2318 1726 2351 summae

573 2385 793 2438 tempora
811 2378 859 2427 di
879 2377 1075 2434 superi?

919 2479 958 2510 15
997 2474 1087 2516 pius
1101 2474 1252 2512 Aeneas

506 2539 519 2583 [
541 2551 611 2577 120
628 2537 643 2583 ]
