2109 2975
756 181 1100 224 SATIRARUM
1133 183 1166 222 Ι.
1193 189 1242 222 η’

214 289 294 338 135
317 277 508 336 urgeris
526 277 675 327 turba
694 275 875 327 circum
894 278 947 326 te
967 277 1132 326 stante
1150 278 1390 335 miserque

316 353 558 409 rumperis
577 355 628 401 et
648 352 816 409 latras,
839 366 1126 409 magnorum
1146 352 1352 402 maxime
1373 366 1560 407 regum.

316 426 393 473 Ne
412 425 612 481 longum
631 424 808 473 faciam
825 443 839 472 ε
869 424 986 472 dum
1006 425 1066 471 tu
1085 425 1355 480 quadrante
1373 424 1593 473 lavatum

314 514 401 546 rex
418 499 510 546 ibis
528 513 682 555 neque
701 500 752 546 te
772 496 1024 554 quisquam
1043 498 1255 553 stipator
1273 498 1493 553 ineptum

314 573 511 628 praeter
530 571 806 626 Crispinum
826 570 1110 627 sectabitur,
1131 573 1182 618 et
1203 570 1322 618 mihi
1340 570 1506 618 dulces

214 662 293 706 140
314 646 565 703 ignoscent
584 643 757 700 siquid
778 658 977 700 peccaro
995 643 1178 691 stultus
1197 643 1357 700 amici,

312 720 459 775 inque
478 718 629 766 vicem
649 718 849 765 illorum
864 716 1027 774 patiar
1046 717 1225 764 delicta
1244 716 1472 775 libenter,

314 793 629 850 privatusque
649 791 805 848 mag-is
823 790 986 839 vivam
1005 792 1056 838 te
1077 805 1191 847 rege
1209 789 1401 839 beatus·

959 984 1035 1035 IV

313 1096 565 1144 Euroms
584 1095 732 1150 atque
754 1094 985 1142 Cratinus
1012 1091 1461 1148 Aristophanesque
1481 1092 1668 1148 poetae,

315 1170 459 1223 atque
479 1167 562 1213 alii
581 1181 785 1222 quorum
805 1166 1049 1214 comoedia
1067 1165 1229 1221 prisca
1247 1165 1461 1212 virorum
1482 1166 1573 1221 est,

313 1241 353 1287 si
373 1240 478 1296 quis
497 1240 605 1286 erat
624 1239 801 1295 dignus
821 1239 1026 1287 describi
1046 1239 1174 1295 quod
1193 1238 1352 1286 malus
1372 1253 1430 1285 ac
1450 1237 1552 1294 fur,

314 1313 440 1369 quod
460 1311 685 1359 moechus
704 1312 835 1359 foret
854 1314 942 1359 aut
963 1311 1165 1359 sicarius
1186 1312 1274 1357 aut
1293 1309 1471 1365 alioqui

265 1400 292 1446 5
314 1386 546 1442 famosus,
568 1385 726 1432 multa
745 1399 856 1432 cum
880 1383 1109 1432 libertate
1128 1383 1386 1431 notabant.

315 1459 448 1507 Hinc
467 1457 621 1506 omnis
641 1458 820 1515 pendet
841 1457 1073 1515 Lucilius,
1094 1457 1235 1506 hosce
1257 1457 1452 1505 secutus

313 1531 516 1578 mutatis
535 1533 731 1578 tantum
751 1530 952 1587 pedibus
971 1530 1295 1586 numerisque,
1317 1529 1525 1584 facetus,

311 1602 568 1648 emunctae
588 1599 739 1656 naris,
761 1599 914 1646 durus
934 1613 1222 1655 componere
1242 1612 1439 1645 versus:

311 1688 427 1720 nam
446 1673 544 1720 fuit
561 1673 652 1720 hoc
667 1673 866 1720 vitiosus
888 1692 900 1720 z
927 1672 979 1719 in
998 1672 1121 1719 hora
1140 1686 1281 1727 saepe
1296 1671 1546 1726 ducentos,

235 1765 291 1796 10
311 1748 371 1792 ut
389 1759 638 1802 magnum,
658 1760 828 1792 versus
847 1744 1065 1793 dictabat
1084 1746 1221 1791 stans
1241 1743 1359 1800 pede
1379 1743 1429 1790 in
1450 1758 1577 1790 uno=

314 1830 424 1863 cum
445 1814 618 1862 flueret
636 1813 908 1862 lutulentus
926 1815 1034 1861 erat
1053 1812 1181 1869 quod
1200 1811 1370 1859 tollere
1392 1811 1537 1858 velles
1553 1830 1565 1867 ;

313 1888 540 1946 garrulus
560 1890 707 1944 atque
726 1887 863 1944 piger
883 1885 1126 1935 scribendi
1144 1885 1275 1933 ferre
1296 1883 1527 1941 laborem,

314 1961 554 2010 scribendi
568 1961 698 2008 recte
723 1980 734 2008 ι
764 1975 879 2007 nam
894 1961 952 2007 ut
971 1958 1200 2015 multum,
1219 1957 1288 2004 nil
1304 1972 1482 2005 moror.
1524 1956 1666 2013 Ecce,

315 2034 567 2090 Crispinus
586 2033 785 2081 minimo
803 2049 881 2081 me
900 2033 1134 2089 provocat
1155 2053 1166 2078 z
1197 2031 1208 2052 ‘
1227 2031 1424 2087 Accipe,
1447 2030 1487 2077 si
1509 2030 1597 2087 vis,

237 2121 290 2167 15
314 2107 548 2164 accipiam
566 2106 760 2154 tabulas
779 2125 792 2163 ς
820 2106 965 2154 detur
985 2105 1123 2152 nobis
1143 2103 1293 2161 locus,
1315 2104 1452 2161 hora,

314 2181 563 2236 custodes3
604 2180 852 2228 videamus
871 2181 985 2227 uter
1003 2178 1115 2235 plus
1135 2177 1340 2226 scribere
1356 2177 1541 2233 possit?

314 2254 380 2301 Di
398 2253 519 2300 bene
545 2252 766 2300 fecerunt
785 2252 938 2308 inopis
960 2266 1035 2299 me
1055 2249 1271 2307 quodque
1291 2250 1453 2306 pusilli

312 2327 558 2375 finxerunt
578 2325 742 2382 animi,
765 2340 877 2372 raro
895 2326 946 2372 et
966 2339 1212 2381 perpauca
1231 2322 1471 2379 loquentis
1494 2343 1503 2370 :

312 2403 366 2447 at
386 2402 444 2446 tu
464 2398 712 2447 conclusas
731 2399 930 2447 hircinis
951 2398 1149 2445 follibus
1170 2412 1331 2454 auras,

840 2490 879 2520 15
920 2487 1050 2527 accipe
1066 2487 1149 2521 iam

416 2546 433 2592 [
455 2545 558 2594 ¹75]
