2109 2975
775 211 1112 253 SATIRARUM
1148 213 1181 252 Ι.
1207 221 1253 252 1x

250 321 311 364 40
336 310 542 367 Singula
579 312 696 368 quid
733 312 1026 359 memorem?
1074 325 1168 366 quo
1203 312 1347 367 pacto
1384 309 1575 357 alterna
1620 309 1686 357 lo-

446 387 649 441 quentes

332 458 534 506 umbrae
553 475 664 506 cum
686 460 884 518 Sagana
901 458 1189 507 resonarent
1208 458 1351 505 triste
1370 459 1421 506 et
1440 458 1657 515 acutum,

331 533 485 588 afflue
503 532 607 588 lupi
626 532 828 580 barbam
847 531 1013 579 variae
1034 546 1145 578 cum
1165 531 1313 578 dente
1334 529 1559 579 colubrae

330 605 610 653 abdiderint
627 605 803 653 furtim
821 605 982 662 terrie,
1005 607 1055 653 et
1073 605 1287 661 imagine
1306 619 1447 652 cerea

332 678 515 735 largior
533 679 711 726 arserit
732 679 875 736 ignis,
899 679 949 725 et
969 680 1025 724 ut
1046 693 1145 725 non
1164 678 1305 725 testis
1324 678 1514 725 inultus

248 764 307 812 45
330 750 602 799 horruerim
621 767 763 800 voces
781 748 1048 799 Furiarum
1068 752 1120 798 et
1139 751 1277 799 facta
1294 751 1502 798 duarum
1520 771 1532 799 ε

330 840 447 872 nam
466 825 678 881 displosa
697 827 839 873 sonat
859 826 1099 881 quantum
1118 824 1279 872 vesica
1297 824 1470 880 pepedi

330 898 512 946 diffissa
528 901 645 947 nate
664 898 785 946 ficus
809 918 821 946 ε
850 899 903 946 at
922 897 1036 945 illae
1056 911 1253 945 currere
1270 897 1323 943 in
1343 896 1511 945 urbem
1529 917 1542 954 ;

331 970 563 1019 Canidiae
582 971 764 1029 dentes,
782 971 938 1018 altum
959 971 1183 1027 Saganae
1201 970 1502 1017 caliendrum

331 1043 551 1092 excidere
569 1046 716 1101 atque
735 1044 908 1092 herbas
929 1046 1078 1100 atque
1097 1043 1353 1091 incantata
1370 1043 1566 1092 lacertis

254 1132 312 1180 50
334 1117 530 1165 vincula
543 1132 653 1165 cum
674 1132 852 1175 mag-no
870 1116 1070 1173 risuque
1085 1116 1284 1172 iocoque
1300 1116 1503 1164 videres.

971 1287 1048 1335 IX

330 1404 483 1451 IBAM
503 1404 632 1452 forte
651 1404 731 1452 via
753 1404 921 1461 Sacra,
951 1403 1078 1451 sicut
1098 1418 1233 1451 meus
1253 1405 1328 1450 est
1346 1418 1466 1460 mos,

330 1477 492 1526 nescio
509 1478 625 1534 quid
642 1478 882 1526 meditans
901 1493 1164 1534 nugam,
1186 1477 1320 1524 totns
1339 1476 1390 1524 in
1408 1475 1523 1526 illis.

331 1552 563 1599 Accurrit
582 1552 779 1607 quidam
797 1554 944 1599 notus
962 1550 1084 1598 mihi
1102 1550 1298 1598 nomine
1315 1551 1528 1607 tantum,

333 1627 624 1681 arreptaque
643 1640 809 1682 manu,
832 1625 845 1646 ‘
862 1624 989 1681 Quid
1009 1624 1131 1680 agis,
1151 1622 1425 1671 dulcissime
1443 1627 1639 1672 rerum?
1654 1626 1665 1644 '

281 1712 306 1758 5
335 1697 346 1718 ‘
364 1697 604 1755 Suaviter,
625 1700 684 1746 ut
713 1714 843 1746 nunc
873 1698 984 1756 est,’
1006 1697 1222 1753 inquam,
1247 1696 1259 1717 ‘
1277 1698 1328 1743 et
1356 1697 1497 1753 cupio
1522 1699 1685 1745 omnia

445 1787 568 1827 quae
586 1771 697 1819 vis?

331 1844 457 1891 Cum
470 1845 807 1893 adsectaretur
827 1866 838 1894 ε
862 1846 1014 1893 ‘Num
1024 1845 1223 1901 quidvis
1234 1848 1254 1893 Ρ
1264 1847 1275 1865 ’
1292 1860 1489 1902 occup0.
1516 1845 1588 1892 At
1602 1844 1684 1891 ille

330 1918 343 1939 ‘
358 1918 506 1966 Noris
518 1918 640 1976 nos,’
651 1918 810 1975 inquit
820 1938 833 1976 3
857 1918 869 1941 ‘
883 1918 1012 1967 docti
1025 1920 1227 1967 sumus!
1257 1919 1355 1966 Hic
1368 1934 1472 1975 ego,
1489 1917 1501 1940 ‘
1522 1917 1682 1965 Pluris

326 1990 434 2049 hoc,
441 1992 452 2011 ’
462 1992 677 2050 inquam,
689 1992 701 2015 ‘
712 1992 831 2040 mihi
841 1993 972 2041 eris.'
991 1991 1170 2040 Misere
1180 1992 1421 2040 discedere
1429 2007 1681 2048 quaerens,

327 2064 400 2111 ire
415 2065 559 2113 modo
576 2065 724 2123 ocius,
745 2065 992 2113 interdum
1012 2066 1291 2123 consistere,
1311 2067 1363 2113 in
1384 2080 1551 2112 aurem

251 2153 307 2185 10
330 2137 487 2186 dicere
504 2138 665 2186 nescio
682 2138 799 2195 ,quid
818 2153 986 2195 puero,
1008 2154 1121 2186 cum
1142 2138 1289 2186 sudor
1305 2139 1372 2186 ad
1390 2138 1511 2185 imos

326 2209 548 2254 manaret
560 2207 702 2255 talos.
763 2206 775 2228 ‘
791 2207 834 2254 O
852 2209 920 2265 te,
940 2207 1143 2264 Bolane,
1164 2207 1347 2255 cerebri

325 2278 540 2327 felicem!
557 2280 570 2299 '
592 2279 780 2327 aiebam
800 2280 998 2336 tacitus,
1021 2295 1133 2327 cum
1153 2280 1389 2335 quidlibet
1404 2279 1486 2327 ille

325 2352 554 2409 garriret,
575 2353 721 2410 vicos,
740 2352 911 2399 urbem
925 2352 1164 2401 laudaret.
1187 2400 1190 2403 .
1223 2352 1295 2400 Ut
1312 2353 1385 2400 illi

325 2424 395 2470 nil
414 2425 779 2482 respondebam,
803 2425 815 2446 ‘
833 2425 1010 2472 Misere
1031 2425 1201 2483 cupis:
1236 2425 1411 2482 inquit,
1435 2426 1447 2447 ‘
1463 2425 1624 2477 abire:

249 2509 303 2554 15
326 2497 609 2545 iamdudum
629 2498 767 2545 video
784 2515 797 2554 ς
828 2498 912 2544 sed
931 2497 1000 2545 uil
1018 2497 1124 2554 agis
1140 2517 1154 2555 3
1180 2512 1332 2553 usque
1346 2497 1520 2544 tenebo
1537 2518 1549 2550 ς

424 2573 441 2619 [
465 2583 531 2620 19¹
550 2573 568 2619 1
