2109 2975
732 199 1145 241 EPISTULARUM
1181 199 1238 239 11.
1266 209 1281 238 1

330 298 413 346 sed
433 300 629 355 turpem
648 299 793 354 putat
813 298 983 347 inscite
1003 299 1271 354 metuitqoe
1290 298 1505 356 lituram.

332 371 576 428 Creditur,
598 387 657 419 ex
677 372 834 419 medio
856 371 970 429 quia
989 388 1068 420 res
1089 372 1306 429 arcessit,
1329 372 1504 422 habere

332 443 519 491 sudoris
540 443 809 499 minimum,
827 445 912 492 sed
932 444 1079 492 habet
1100 445 1344 493 comoedia
1361 448 1503 494 tanto

220 534 311 576 170
335 516 444 573 plus
460 516 635 574 oneris,
648 520 834 575 quanto
849 518 1019 565 veniae
1035 518 1214 566 minus.
1275 519 1468 577 Aspice,
1484 520 1690 567 Plautus

332 604 427 645 quo
446 592 594 647 pacto
611 592 774 646 partes
795 592 990 639 tutetur
1010 592 1223 639 amantis
1243 592 1430 650 ephebi,

331 664 390 709 ut
409 663 564 720 patris
584 665 781 720 attenti,
804 664 988 712 lenonis
1009 667 1067 712 ut
1086 665 1302 713 insidiosi
1321 685 1333 721 3

332 738 545 791 quantus
566 735 630 784 sit
649 738 933 785 Dossennus
952 738 1178 786 edacibus
1197 738 1249 785 in
1269 740 1511 796 parasitis,

334 824 480 864 quam
501 824 598 857 non
619 809 857 858 adstricto
877 812 1135 868 percurrat
1150 811 1343 869 pulpita
1360 828 1500 861 socco
1522 832 1533 867 ;

222 892 310 939 175
336 882 485 940 gestit
501 883 628 930 enim
646 899 901 931 nummum
921 884 972 931 in
988 885 1170 933 loculos
1183 885 1456 944 demittere,
1471 888 1582 943 post
1600 885 1690 934 hoc

335 970 532 1004 securus
553 957 699 1004 cadat
719 973 783 1004 an
804 959 939 1011 recto
959 960 1057 1006 stet
1081 958 1253 1006 fabula
1271 958 1388 1007 talo.

334 1029 491 1085 Quem
510 1030 629 1076 tulit
650 1030 713 1084 ad
735 1045 958 1079 scaenam
980 1033 1180 1079 ventoso
1200 1031 1357 1088 gloria
1377 1047 1524 1080 curru

331 1102 577 1151 exanimat
597 1103 757 1151 lentus
779 1106 1041 1162 spectator,
1065 1104 1258 1152 sedulus
1278 1104 1446 1152 inflat:

331 1175 400 1224 sic
409 1175 530 1233 leve,
548 1176 615 1229 sic
628 1192 836 1234 parvum
851 1179 942 1235 est,
956 1177 1173 1225 animum
1185 1178 1312 1234 qnod
1320 1178 1476 1226 laudis
1489 1193 1690 1226 avarum

223 1257 311 1301 180
334 1248 527 1297 subruit
546 1251 634 1296 aut
654 1249 826 1298 reficit.
890 1250 1068 1299 Valeat
1087 1267 1164 1299 res
1185 1251 1373 1300 ludicra
1391 1252 1432 1300 si
1451 1267 1527 1300 me

334 1321 498 1379 palma
518 1324 700 1379 negata
720 1338 955 1381 macrum,
977 1324 1158 1371 donata
1177 1324 1363 1372 reducit
1384 1324 1613 1380 opimum.

332 1394 484 1451 Saepe
504 1395 651 1443 etiam
672 1398 904 1445 audacem
924 1396 1068 1454 fugat
1086 1396 1176 1445 hoc
1203 1399 1449 1460 terretque
1469 1397 1678 1454 po‘e‘tam,

332 1469 460 1526 quod
479 1484 682 1519 numero
703 1470 883 1530 plures,
906 1469 1091 1519 virtute
1112 1472 1163 1520 et
1182 1470 1361 1520 honore
1380 1470 1605 1528 minoreS,

331 1541 513 1591 indocti
532 1543 803 1603 stolidique,
825 1548 876 1594 et
894 1545 1173 1602 depugnare
1193 1545 1371 1602 parati,

226 1624 311 1679 185
334 1615 375 1663 si
394 1616 635 1665 discordet
655 1633 816 1676 eques,
839 1618 998 1667 media
1016 1619 1146 1666 inter
1165 1618 1383 1666 carmina
1403 1620 1610 1674 poscunt

333 1691 421 1738 aut
440 1705 609 1737 ursum
634 1693 721 1738 aut
741 1693 927 1750 pugiles
950 1711 963 1750 3
994 1692 1070 1740 his
1090 1708 1205 1740 nam
1225 1691 1474 1748 plebecula
1493 1691 1689 1749 gaudet.
1783 1735 1808 1743 .,

333 1763 519 1810 Verum
560 1765 734 1820 equitis
774 1780 960 1823 quoque
1022 1767 1122 1814 iam
1169 1766 1400 1825 migravit
1455 1765 1517 1813 ab
1573 1781 1690 1814 aure

445 1836 670 1893 voluptas

333 1910 488 1957 omnis
503 1910 565 1957 ad
584 1910 792 1959 incertos
814 1913 975 1961 oculos
996 1915 1046 1961 et
1069 1913 1249 1971 gaudia
1268 1927 1411 1960 vana.

334 1982 580 2039 Quattuor
598 1985 686 2031 aut
706 1984 872 2041 plures
892 1986 1065 2035 aulaea
1084 1986 1376 2043 premuntur
1394 1984 1446 2032 in
1464 1983 1623 2041 horas,

227 2075 313 2120 190
334 2055 451 2104 dum
463 2056 662 2114 fugiunt
674 2058 891 2114 equitum
898 2060 1094 2109 turmae
1115 2061 1424 2118 peditumque
1443 2059 1689 2115 catervae3

333 2143 446 2176 mox
463 2128 681 2177 trahitur
701 2131 922 2180 manibus
942 2148 1114 2191 regum
1134 2134 1334 2181 fortuna
1352 2129 1568 2188 retortis,

332 2201 500 2250 esseda
518 2201 778 2260 festinant,
800 2204 1000 2263 pilenta,
1024 2206 1281 2264 petorrita,
1302 2221 1467 2262 naves,

334 2273 584 2331 captivum
606 2277 836 2332 portatur
863 2278 1001 2336 ebur,
1024 2279 1222 2336 captiva
1242 2278 1522 2329 Corinthus.

334 2346 387 2395 Si
405 2348 531 2395 foret
550 2348 602 2395 in
622 2349 783 2406 terris,
803 2350 983 2403 rideret
1004 2352 1332 2409 Democritus,
1351 2368 1437 2399 seu

231 2434 311 2482 195
335 2420 577 2469 diversum
599 2421 803 2488 contusa
818 2439 973 2480 genus
993 2425 1236 2481 panthera
1254 2425 1452 2481 camelo,

335 2492 435 2541 sive
455 2493 650 2549 elephas
670 2493 809 2542 albus
829 2495 965 2554 vulgi
986 2500 1293 2547 converteret
1319 2513 1433 2554 ora3

442 2567 581 2616 [279]
