2109 2975
1016 198 1239 238 HORATI
1308 199 1311 202 '
1348 199 1357 206 “

450 296 578 353 quod
597 296 803 345 nimium
825 296 1080 345 institerat
1095 296 1296 345 viventi.
1357 298 1544 346 Cautus
1564 297 1727 344 aditos
1790 299 1795 302 “

452 387 549 418 neu
574 372 699 418 desis
718 386 893 427 operae
913 386 1033 419 neve
1053 371 1402 419 immoderatus
1424 370 1656 418 abundes.

374 459 430 502 90
457 443 710 492 Difficilem
730 447 781 492 et
802 459 1044 492 morosum
1066 445 1280 492 offendet
1302 445 1531 501 garrulus
1550 463 1563 501 ς
1594 445 1728 492 ultra

456 533 554 565 non
574 518 721 565 etiam
743 519 898 566 sileas„
960 517 1130 565 Davus
1152 519 1217 565 sis
1237 519 1446 566 oomieus
1466 521 1613 575 atque

456 592 556 637 stes
576 592 734 647 eapite
753 591 957 647 obstipo,
981 593 1191 639 multum
1212 592 1380 639 similis
1400 592 1654 639 metuenti.

457 662 697 720 Obsequio
715 681 938 720 grassare
956 685 968 722 3
999 681 1159 722 mone,
1182 665 1223 713 si
1241 665 1510 713 increbruit
1532 681 1670 722 aura,

456 738 630 783 cautus
650 738 726 785 uti
744 738 872 786 velet
893 755 1063 786 earum
1085 740 1235 795 eaput
1254 758 1266 796 3
1299 739 1501 786 extrahe
1519 739 1670 786 turba

372 814 430 864 95
455 811 686 867 oppositis
706 812 915 870 umeris;
946 828 1113 861 aurem
1135 812 1412 869 substringe
1431 813 1639 868 loquaci.

453 884 769 940 Importunus
788 887 924 933 amat
941 886 1162 942 laudari3
1191 886 1343 934 donee
1361 885 1467 933 Obe
1487 889 1498 934 Ξ
1529 886 1627 933 iam

454 957 517 1004 ad
536 957 723 1005 eaelum
742 959 967 1006 manibus
986 960 1195 1007 sublatis
1216 957 1410 1017 dixerit,
1432 973 1571 1016 urge,

455 1033 750 1080 crescentem
770 1032 970 1080 tumidis
986 1033 1105 1080 infla
1125 1033 1429 1080 sermonibus
1448 1035 1595 1080 utren

456 1104 580 1152 Cum
599 1107 651 1153 te
672 1107 868 1153 servitio
888 1107 1032 1162 longo
1050 1122 1263 1162 curaque
1282 1106 1474 1162 levarit,

352 1187 433 1217 100
455 1179 505 1225 et
522 1181 708 1225 eertum
720 1179 946 1236 vigilans,
961 1180 1234 1236 QUAR'rAn
1255 1192 1344 1226 sn·
1360 1189 1563 1226 unns
1578 1177 1811 1234 Uulne,

455 1250 680 1309 audieris,
702 1263 886 1299 mmns
907 1272 918 1299 ε
954 1252 967 1272 ‘
985 1252 1121 1309 Ergo
1139 1267 1273 1299 nune
1293 1252 1456 1299 Dama
1474 1252 1650 1299 sodalis

454 1339 694 1381 nusquam
732 1327 807 1372 est
822 1329 843 1372 Ρ
913 1326 1055 1373 Unde
1096 1325 1215 1373 mihi
1252 1327 1356 1373 tam
1395 1326 1574 1373 fortem
1614 1327 1815 1380 tamque

566 1398 753 1446 fidelem
772 1402 792 1446 Ρ
809 1399 821 1419 ’
1340 1450 1343 1452 .

456 1489 630 1530 sparge
639 1472 857 1531 subinde,
872 1474 940 1532 et,
955 1473 996 1521 si
1009 1473 1211 1531 paulum
1228 1475 1382 1530 potes,
1396 1472 1689 1521 illacrimare
1704 1494 1714 1519 ε
1737 1473 1813 1519 est

456 1546 637 1602 gaudia
655 1547 941 1602 prodentem
961 1548 1155 1594 vultum
1178 1547 1350 1595 celare.
1411 1545 1698 1602 Sepulcrum

353 1632 432 1678 ¹05
457 1619 744 1675 permissum
764 1620 968 1667 arbitrio
986 1621 1090 1667 sine
1112 1620 1332 1668 sordibus
1351 1622 1578 1676 exstrueg
1605 1619 1756 1665 funus

457 1692 651 1747 egregie
669 1691 855 1738 factum
878 1692 1044 1740 laudet
1064 1694 1257 1741 vicinia.
1319 1693 1371 1742 Si
1391 1693 1498 1749 quis

456 1765 586 1812 forte
607 1764 895 1812 coheredum
916 1765 1077 1812 senior
1097 1766 1223 1814 male
1243 1766 1436 1823 tussiet,
1457 1765 1571 1813 huie
1589 1767 1649 1812 tu

457 1838 551 1895 die,
573 1852 634 1885 ex
651 1839 796 1894 parte
815 1839 907 1885 tua
925 1853 1012 1886 sen
1030 1838 1174 1886 fundi
1193 1840 1295 1887 sive
1312 1839 1484 1886 domus
1504 1839 1569 1885 sit
1828 1859 1837 1865 ν

457 1912 663 1968 emptor,
686 1910 978 1966 gaudentem
999 1926 1200 1959 nummo
1217 1914 1270 1960 te
1289 1913 1527 1960 addicere.
1588 1911 1683 1961 Sed
1704 1927 1782 1960 me

354 1994 435 2025 110
457 1984 712 2039 imperiosa
729 1983 885 2032 trahit
907 1984 1225 2042 Proserpina3
1253 1985 1361 2032 vive
1380 1985 1614 2041 valeque?

1097 2169 1170 2218 VI

458 2276 578 2324 Hoc
600 2281 707 2326 erat
728 2279 777 2325 in
798 2279 953 2326 votis:
985 2279 1157 2326 modus
1177 2278 1283 2336 agri
1303 2294 1400 2325 non
1421 2278 1492 2325 ita
1510 2292 1736 2334 magnus,

458 2352 628 2398 hortus
648 2352 731 2399 ubi
751 2354 801 2398 et
821 2353 952 2399 teoto
971 2352 1158 2398 vicinus
1178 2352 1304 2409 iugis
1325 2352 1478 2408 aduae
1497 2352 1607 2399 fons

458 2425 508 2471 et
528 2424 727 2479 paulum
748 2425 897 2470 silvae
919 2439 1065 2480 super
1082 2424 1158 2471 his
1177 2426 1324 2474 foret.
1384 2426 1593 2473 Auotius
1613 2429 1760 2481 atoue

457 2496 506 2542 di
527 2496 697 2543 melius
718 2497 891 2544 fecere.
953 2497 1086 2544 Bene
1101 2501 1192 2546 est.
1252 2499 1337 2546 Nil
1358 2499 1565 2554 amplius
1584 2514 1681 2546 oro.

552 2571 689 2618 [224]
