2109 2975
998 209 1220 251 HORATI

349 327 407 370 90
431 306 584 364 poscit
603 309 654 355 te
675 306 860 364 mulier,
881 307 1028 355 vexat
1046 308 1327 365 foribusque
1345 308 1596 366 repulsum

430 380 682 438 perfundit
700 380 878 439 gelida,
899 397 1071 430 rursus
1087 383 1233 430 vocat
1253 402 1265 429 ε
1296 382 1427 438 eripe
1446 380 1584 439 turpi

432 453 553 502 colla
571 453 685 511 iugo
704 472 717 511 ς
747 453 760 475 ‘
772 453 934 512 Liber,
956 454 1080 504 liber
1099 454 1241 512 sum‚’
1258 455 1336 503 dic
1348 470 1454 513 age.
1514 455 1631 504 Non
1646 452 1752 512 quis
1770 474 1783 511 3

431 529 577 584 urget
594 526 723 575 enim
742 527 963 576 domiuus
982 529 1197 577 mentem
1215 543 1313 576 non
1332 528 1456 577 lenis
1474 530 1525 576 et
1545 543 1680 577 acres

430 600 673 649 subiectat
689 600 819 650 lasso
838 601 1061 651 stimulos
1079 604 1340 660 versatque
1361 603 1638 660 negantem.

350 676 406 725 95
431 674 524 722 Vel
547 689 657 722 cum
676 675 914 725 Pausiaca
929 678 1112 733 torpes,
1133 676 1319 733 insane,
1338 676 1537 733 tabella,

429 748 513 805 qui
532 764 702 805 peccas
714 749 873 797 minus
886 751 1034 807 atque
1049 765 1158 810 ego,
1175 765 1286 798 cum
1300 750 1444 797 Fulvi
1460 750 1782 807 Rutubaeque

428 823 517 869 aut
536 821 813 871 Pacideiani
831 825 1062 872 contento
1081 822 1262 881 poplite
1283 823 1432 871 miror

428 892 613 951 proelia
627 895 826 946 rubrica
842 896 977 953 picta
993 897 1086 944 aut
1104 895 1327 952 carbone,
1347 895 1486 943 velut
1505 896 1544 943 si

428 982 481 1016 re
502 983 620 1016 vera
637 971 876 1029 pugnent,
895 968 1098 1024 feriant,
1117 969 1370 1027 vitentque
1389 971 1640 1017 moventes
1694 984 1699 989 ·

322 1054 404 1086 100
428 1056 567 1088 arma
582 1041 708 1089 viri?
761 1042 986 1100 Nequam
1005 1043 1057 1091 et
1076 1043 1291 1091 cessator
1306 1042 1478 1090 Davus
1496 1062 1509 1100 ς
1537 1044 1593 1091 at
1610 1041 1714 1100 ipse

426 1114 617 1164 subtilis
637 1116 856 1163 veterum
875 1115 1019 1164 iudex
1037 1117 1091 1164 et
1109 1114 1313 1164 callidus
1331 1116 1487 1164 audis,
1543 1150 1569 1154 ›-

425 1188 511 1235 Nil
531 1203 634 1245 ego,
656 1188 699 1235 si
718 1189 869 1237 ducor
889 1188 985 1237 libo
1002 1188 1227 1237 fumante
1245 1208 1260 1238 e
1284 1188 1378 1236 tibi
1396 1188 1566 1247 ingens

425 1261 582 1308 virtus
601 1262 748 1317 atque
767 1261 959 1309 animus
980 1261 1110 1310 cenis
1131 1263 1386 1319 responsat
1405 1262 1575 1318 opimis
1591 1265 1613 1308 ἓ

427 1333 723 1391 Obsequium
742 1334 928 1383 ventris
948 1334 1069 1383 mihi
1088 1334 1404 1392 perniciosius
1424 1337 1500 1383 est
1517 1338 1639 1383 cur?

321 1412 400 1459 105
426 1409 587 1465 'Pergo
607 1408 793 1464 plector
811 1408 955 1458 enim.
1016 1408 1112 1466 Qui
1131 1410 1189 1455 tu
1206 1408 1490 1466 impunitior
1507 1408 1594 1455 illa
1678 1405 1679 1410 ’

426 1498 547 1538 quae
563 1497 720 1539 ‚parvo
740 1483 866 1531 sumi
885 1483 1134 1541 nequeunt
1153 1481 1350 1532 obsonia
1369 1484 1574 1539 captas?

424 1555 613 1612 Nempe
632 1555 993 1604 inamarescunt
1013 1556 1186 1612 epulae
1205 1556 1308 1604 sine
1326 1555 1423 1603 fine
1442 1556 1643 1612 petitae.

425 1627 657 1686 Illusique
678 1630 822 1685 pedes
842 1629 1071 1678 vitiosum
1090 1630 1220 1678 ferre
1239 1630 1469 1678 recusant

424 1716 614 1758 corpus·
674 1702 757 1749 An
774 1702 855 1749 hic
874 1705 1061 1760 peccat,
1077 1703 1167 1750 sub
1186 1704 1379 1751 noctem
1398 1703 1482 1759 qui
1496 1719 1617 1760 puer
1631 1718 1779 1751 uvam

318 1790 401 1821 110
423 1775 610 1822 furtiva
627 1775 792 1822 mutat
811 1776 1017 1834 strigili:
1046 1777 1129 1833 qui
1147 1776 1348 1833 praedia
1366 1777 1551 1834 vendit,

422 1848 490 1895 nil
512 1848 684 1896 servile
706 1848 850 1907 gulae
869 1864 1046 1905 parens
1066 1849 1250 1898 habet?
1306 1850 1463 1907 Adde,
1486 1850 1614 1906 quod
1631 1850 1759 1899 idem

421 1936 520 1969 non
538 1922 709 1970 horam
730 1923 891 1971 tecum
912 1938 1016 1972 esse
1036 1925 1192 1981 potes,
1214 1939 1310 1971 non
1331 1923 1431 1971 otia
1450 1924 1584 1972 recte

422 2010 615 2053 ponere,
637 1997 781 2053 teque
800 1996 960 2062 ipsum
980 1998 1127 2055 vitas,
1150 1997 1389 2056 fugitivus
1409 1999 1461 2045 et
1479 2012 1605 2054 erro,

420 2066 518 2115 iam
537 2069 651 2117 vino
670 2085 921 2128 quaerenS,
942 2071 1042 2121 iam
1063 2085 1229 2118 somno
1248 2070 1420 2119 fallere
1440 2085 1609 2118 curam
1628 2090 1641 2117 ι

320 2154 399 2200 115
422 2140 637 2200 frustra3
691 2158 806 2192 nam
853 2159 1010 2192 comes
1060 2145 1173 2191 atra
1227 2144 1406 2200 premit
1463 2143 1776 2200 sequiturque

531 2215 794 2273 fugacem?

421 2288 564 2336 Unde
584 2289 704 2336 mihi
713 2289 924 2346 lapidem
935 2289 1028 2337 ?—‘
1040 2290 1281 2347 Quorsum
1297 2292 1372 2339 est
1383 2304 1504 2347 opus
1520 2293 1540 2337 Ρ
1556 2290 1774 2338 ⁹-Unde

533 2361 737 2420 sagittas
755 2365 775 2409 Ρ

421 2433 434 2455 ‘
453 2434 557 2482 Aut
570 2435 752 2483 insanit
767 2435 911 2482 homo
921 2436 1011 2482 aut
1025 2450 1198 2483 versus
1218 2435 1374 2484 facit.'
1436 2435 1582 2484 Ocius
1592 2434 1708 2484 hinc
1723 2437 1774 2484 te

418 2508 468 2555 ni
488 2507 634 2564 rapis,
656 2507 851 2555 accedes
870 2522 1018 2566 opera
1029 2523 1157 2566 agro
1176 2523 1306 2556 nona
1326 2508 1519 2558 Sabino.

516 2582 655 2630 [232]
