2109 2975
969 194 1193 236 HORATI

324 305 382 349 30
404 292 659 350 ingustata
678 290 796 339 mihi
815 295 1102 347 porrexerat
1121 291 1205 340 ilia
1224 291 1429 340 rhombi.

405 367 524 414 Post
544 367 634 414 hoc
655 382 731 413 me
752 365 917 413 docuit
938 365 1179 413 melimela
1198 365 1372 414 rubere
1394 367 1630 413 minorem

404 439 467 487 ad
485 440 652 487 lunam
668 439 875 487 delecta.
936 439 1064 496 Quid
1083 439 1174 487 hoc
1193 438 1387 486 intersit
1409 438 1470 485 ab
1489 438 1594 494 ipso

406 512 615 560 audieris
635 512 825 562 melius.
885 511 1012 560 Tum
1034 511 1258 560 Vibidius
1277 511 1564 559 Balatroni:

408 585 437 606 ‘⁶
453 585 555 633 Nos
576 585 672 633 nisi
691 586 920 633 damnose
939 585 1149 633 bibimus
1176 584 1439 633 moriemur
1456 584 1631 632 inulti:
1652 585 1682 605 '²

326 672 382 719 35
406 659 455 705 et
472 657 643 706 calices
664 658 818 715 poscit
839 658 1062 706 maiores·
1121 657 1331 706 Vertere
1351 657 1510 713 pallor
1596 689 1601 700 ,

405 733 513 779 tum
532 731 733 788 parochi
749 731 927 779 faciem
947 731 1016 778 nil
1036 731 1106 780 sic
1126 730 1390 778 metuentis
1410 731 1467 777 ut
1485 745 1624 779 acres

405 806 614 863 potores,
632 805 713 854 vel
728 805 855 863 quod
875 805 1001 852 male
1021 804 1193 853 dicunt
1212 803 1410 852 liberius
1431 804 1508 851 vel

405 877 595 927 fervida
612 880 739 936 quod
758 878 935 930 subtile
955 878 1226 926 exsurdant
1245 877 1360 925 vina
1376 876 1613 934 palatum.

405 952 670 1001 Invertunt
689 952 919 1013 Allifanis
940 951 1131 1000 vinaria
1147 953 1259 999 tota
1286 993 1300 996 ,Α
1550 953 1557 954 ’

323 1044 380 1084 40
405 1024 627 1073 Vibidius
646 1024 961 1080 Balatroque,
983 1023 1163 1072 secutis
1182 1023 1430 1081 omnibus3
1461 1024 1547 1072 imi

406 1098 633 1146 convivae
651 1097 767 1147 lecti
785 1096 990 1151 nihilum
1008 1112 1216 1145 nocuere
1231 1096 1436 1155 lagenis·

406 1172 627 1219 Affertur
646 1170 845 1227 squillas
865 1170 996 1223 inter
1016 1185 1221 1218 murena
1240 1172 1469 1218 natantes

401 1244 454 1293 in
469 1244 641 1300 patina
648 1244 887 1301 porrecta.
922 1243 1025 1292 Sub
1032 1243 1124 1292 hoc
1136 1259 1278 1294 erus:
1302 1244 1333 1267 “
1345 1245 1485 1293 Haec
1502 1244 1760 1303 gravida‚”

516 1318 691 1375 inquit,
1067 1338 1073 1346 ·
1186 1319 1189 1323 ’

407 1391 438 1414 “
458 1393 604 1448 capta
623 1393 715 1447 est,
737 1390 947 1439 deterior
966 1392 1078 1446 post
1097 1391 1296 1447 partum
1317 1406 1461 1439 carne
1481 1391 1668 1439 futura.

328 1476 383 1523 45
409 1464 503 1514 His
522 1464 731 1513 mixtum
751 1463 826 1511 ius
846 1465 948 1512 est:
979 1464 1085 1518 oleo
1104 1464 1231 1522 quod
1249 1464 1409 1521 prima
1427 1464 1633 1514 Venafri

405 1537 582 1596 pressit
602 1536 723 1586 cella
741 1556 753 1594 ;
781 1552 899 1594 garo
919 1537 979 1585 de
998 1537 1126 1593 sucis
1145 1538 1289 1594 piscis
1310 1536 1508 1593 Hiberi3

403 1612 517 1660 vino
538 1610 853 1669 quinquenni,
873 1626 1043 1662 verum
1064 1611 1192 1660 citra
1209 1626 1344 1665 mare
1362 1613 1497 1668 nato,

404 1686 521 1733 dum
542 1684 960 1741 coquitur—cocto
982 1684 1159 1735 Chium
1179 1684 1249 1732 sic
1269 1683 1510 1740 convenit,
1531 1686 1589 1731 ut
1609 1700 1705 1731 non

403 1757 495 1806 hoc
507 1756 662 1814 magis
673 1758 829 1806 ullum
843 1757 977 1806 aliud
991 1757 1228 1816 3-pipere
1240 1756 1366 1815 albo,
1380 1771 1479 1805 non
1491 1757 1593 1805 sine
1605 1759 1744 1806 aceto

328 1845 383 1890 50
406 1830 535 1886 quod
553 1830 953 1888 Methymnaeam
973 1831 1094 1879 vitio
1114 1831 1379 1883 mutaverit
1398 1845 1560 1879 uvam.
1758 1832 1767 1850 ²

407 1904 597 1952 Erucas
616 1903 810 1962 virides,
829 1904 991 1953 inulas
1011 1919 1101 1960 ego
1118 1904 1305 1961 primus
1326 1919 1520 1953 amaras

406 1976 675 2025 monstravi
692 1977 966 2036 incoquere,
985 1976 1170 2025 inlutos
1190 1977 1429 2028 Curtillus
1448 1977 1659 2034 echinos,

406 2051 464 2097 ut
482 2049 655 2099 melius
673 2051 835 2099 muria
853 2050 980 2107 quod
998 2051 1131 2098 testa
1148 2050 1340 2099 marina
1357 2050 1634 2100 remittat.''

406 2123 605 2172 Interea
624 2138 858 2181 suspensa
876 2138 1051 2180 graves
1072 2123 1247 2171 aulaea
1264 2123 1432 2172 ruinas

327 2206 380 2253 55
405 2196 457 2245 in
475 2197 695 2255 patinam
721 2196 898 2253 fecere,
915 2197 1166 2244 trahentia
1176 2196 1394 2254 pulveris
1414 2198 1512 2244 atri

406 2271 645 2327 quantum
663 2284 761 2317 non
781 2269 957 2326 Aquilo
976 2270 1238 2328 Campanis
1257 2271 1442 2320 excitat
1461 2271 1633 2328 agris„

406 2345 509 2391 Nos
529 2342 685 2393 maius
704 2342 849 2393 veriti
867 2345 1124 2400 postqiiam
1144 2342 1266 2391 nihil
1285 2359 1389 2392 esse
1408 2344 1574 2400 pericli
1636 2348 1641 2354 “
1765 2385 1770 2390 .

404 2417 642 2464 sensimus
663 2415 913 2475 erigimur.
974 2417 1139 2465 Rufus
1157 2416 1316 2472 posito
1336 2417 1510 2474 capite,
1533 2419 1593 2465 ut'
1610 2417 1652 2463 si
1666 2475 1683 2478 Ν
1736 2425 1772 2469 -’ζ

406 2489 533 2537 filius
555 2489 846 2538 immaturus
867 2490 1062 2549 obisset,
1086 2490 1215 2539 fiere.
1272 2490 1390 2549 Quis
1409 2492 1537 2537 essct

505 2567 525 2618 i
537 2575 611 2614 234
632 2570 647 2619 J
