2109 2975
1019 188 1243 231 HORA‘I'I

369 298 425 345 45
449 285 666 342 appellat
686 286 885 342 paetum
906 285 1063 344 pater,
1085 289 1137 334 et
1157 287 1345 344 pullum
1365 287 1492 336 male
1512 302 1694 344 parvus

449 360 490 406 si
511 360 588 408 cui
608 360 736 406 filius
755 362 847 416 est,
867 361 926 407 ut
945 360 1197 408 abortivus
1216 361 1315 409 fuit
1333 361 1447 410 olim

450 433 683 489 Sisyphus
701 452 714 490 3
736 433 873 480 hunc
892 449 1065 481 varum
1087 434 1305 482 distortis
1325 434 1562 492 cruribus,
1582 434 1720 482 illum

448 505 660 553 balbutit
681 522 906 553 scaurum
925 507 1090 562 pravis
1104 507 1286 554 fultum
1307 509 1433 555 male
1451 508 1581 557 talis.

449 578 653 625 Parcius
671 579 751 626 hic
769 579 908 636 vivit,
928 579 1065 636 frugi
1082 580 1291 629 dicatur.
1348 582 1553 637 Ineptus

369 669 425 715 50
448 653 500 699 et
518 651 781 701 iactantior
799 653 877 701 hic
896 653 1043 709 paulo
1063 656 1156 712 est,
1178 654 1441 702 concinnus
1460 654 1628 701 amicis

446 725 665 781 postulat
684 728 742 773 ut
761 727 1002 775 videatur.
1063 728 1135 775 At
1153 730 1230 776 est
1247 727 1571 776 truculentior
1589 730 1735 785 atque

446 797 556 854 plus
575 814 728 855 aequo
745 799 884 857 liber,
906 800 1110 857 simplex
1128 800 1363 857 fortisque
1380 801 1620 848 habeatur
1635 820 1648 858 3

447 871 628 919 caldior
647 874 740 931 est,
761 888 897 921 acres
914 872 1046 921 inter
1065 876 1366 922 numeretur.
1423 874 1607 930 opinor

445 944 563 992 haec
583 961 660 993 res
680 947 731 993 et
748 946 908 1004 iungit
926 946 1119 994 iunctos
1137 949 1187 994 et
1206 949 1370 995 servat
1390 947 1586 995 amicos.

366 1023 419 1070 55
445 1017 515 1065 At
534 1033 622 1066 nos
641 1019 850 1066 virtutes
870 1019 1000 1075 ipsas
1019 1019 1323 1076 invertimus,
1345 1020 1493 1075 atque

446 1091 686 1139 sincerum
707 1092 928 1149 cupimus
948 1107 1034 1140 vas
1054 1092 1343 1140 incrustare.
1401 1092 1590 1140 Probus
1609 1092 1717 1149 quis

445 1164 694 1213 nobiscum
713 1165 852 1222 vivit,
874 1165 1087 1212 multum
1106 1165 1341 1212 demissus
1362 1166 1532 1223 hom03
1560 1165 1633 1213 illi

444 1238 589 1285 tardo
609 1252 891 1295 cognomen,
912 1236 1100 1294 pingui,
1123 1237 1311 1285 damus.
1367 1237 1465 1285 Hic
1483 1237 1616 1294 fugit
1636 1253 1804 1286 omnes

443 1310 643 1359 insidias
662 1311 878 1367 nullique
898 1309 1026 1358 malo
1043 1310 1175 1358 latus
1195 1311 1330 1358 obdit
1349 1313 1590 1369 apertum,

364 1386 421 1430 60
445 1400 555 1432 cum
577 1400 729 1444 genus
748 1385 839 1432 hoc
857 1384 987 1432 inter
1005 1384 1136 1432 vitae
1153 1398 1401 1432 versemur
1420 1384 1504 1432 ubi
1522 1385 1647 1434 acris

443 1457 629 1507 invidia
648 1460 795 1516 atque
813 1457 982 1515 vigent
1000 1456 1085 1505 ubi
1104 1457 1341 1516 crimina3
1366 1472 1455 1514 pro
1473 1458 1593 1507 bene
1612 1473 1732 1506 sano

445 1547 502 1579 ac
521 1548 620 1580 non
638 1533 836 1580 incauto
854 1533 1025 1581 fictum
1045 1532 1359 1588 astutumque
1377 1546 1621 1579 vocamus.

447 1606 723 1662 Simplicior
740 1606 847 1662 quis
866 1609 916 1653 et
936 1605 1030 1661 est,
1052 1605 1244 1660 qualem
1266 1619 1343 1652 me
1362 1620 1504 1661 saepe
1525 1605 1734 1652 libenter

447 1678 708 1726 obtulerim
733 1678 840 1735 tibi,
863 1679 1140 1735 Maecenas,
1161 1679 1219 1725 ut
1233 1677 1361 1726 forte
1381 1677 1623 1737 legentem

368 1755 426 1810 65
448 1753 537 1799 aut
558 1752 765 1800 tacitum
784 1751 1006 1808 impellat
1026 1751 1193 1808 quovis
1213 1766 1429 1799 sermone
1449 1751 1680 1799 molestus
1697 1771 1708 1807 ;

449 1824 463 1845 ‘
483 1823 741 1873 Communi
760 1839 905 1872 sensu
924 1824 1068 1880 plane
1088 1825 1256 1882 caret,’
1279 1823 1538 1883 inquimus.
1598 1825 1758 1881 Eheu,

445 1914 591 1954 quam
610 1900 791 1946 temere
809 1897 861 1944 in
881 1900 1071 1945 nosmet
1089 1897 1244 1956 legem
1264 1899 1504 1946 sancimus
1522 1897 1739 1954 iniquam
1760 1901 1771 1944 Ξ

443 1986 559 2018 nam
579 1971 710 2018 vitiis
728 1986 870 2019 nemo
888 1972 990 2019 sine
1009 1972 1255 2029 nascitur;
1285 1972 1497 2027 optimus
1514 1971 1594 2019 ille
1611 1973 1687 2019 est

447 2047 530 2104 qui
543 2046 753 2094 minimis
766 2048 987 2105 urgetur.
1047 2046 1248 2094 Amicus
1263 2045 1418 2093 dulcis
1430 2047 1488 2093 ut
1500 2061 1709 2102 aequum
1724 2048 1801 2094 est

365 2137 425 2179 70
446 2137 558 2168 cum
577 2136 687 2168 mea
706 2123 982 2177 compenset
1001 2120 1133 2168 vitiis
1152 2121 1280 2168 bona
1298 2139 1311 2178 ;
1342 2119 1562 2176 pluribus
1581 2120 1712 2167 hisee

444 2195 504 2253 (si
524 2194 666 2242 modo
685 2193 828 2249 plura
846 2193 965 2240 mihi
984 2193 1113 2240 bona
1131 2193 1264 2249 sunt)
1284 2192 1500 2250 inclinet,
1520 2192 1676 2240 amari

444 2268 485 2315 si
503 2268 633 2315 volet
654 2288 665 2315 ι
695 2268 788 2314 hac
803 2266 909 2324 lege
927 2267 978 2314 in
997 2267 1189 2313 trutina
1207 2264 1416 2322 ponetur
1432 2268 1616 2314 eadem.

445 2341 538 2397 Qui
557 2357 619 2389 ne
639 2339 891 2389 tuberibus
912 2338 1121 2394 propriis
1140 2338 1356 2386 offendat
1375 2339 1583 2386 amicum
1665 2375 1667 2378 >

444 2413 662 2471 postulat
681 2411 899 2469 ignoscet
917 2410 1133 2458 verrucis
1153 2410 1281 2457 illius
1297 2429 1309 2468 ς
1341 2427 1546 2468 aequum
1566 2413 1642 2460 est

984 2498 1024 2533 57
1065 2497 1181 2534 homo
1196 2498 1265 2535 ille

544 2559 559 2605 [
581 2570 650 2607 ¹72
670 2557 686 2603 l
