2109 2975
386 382 442 424 40

386 744 441 790 45

384 1483 436 1529 55

1033 192 1256 234 HORA'I'I

524 293 638 349 Vos,
660 292 839 348 quibus·
853 293 928 339 est
948 292 1121 348 virtus,
1144 291 1430 339 muliebrem
1452 291 1610 339 tollite
1632 291 1821 340 lu‘ctum

579 366 791 412 Etrusca
810 367 999 422 praeter
1017 367 1068 413 et
1088 364 1248 413 volate
1268 366 1426 413 litora.

518 440 618 486 Nos
639 441 804 487 manet
825 440 1046 487 Oceanus
1069 438 1406 494 circumvagus
1432 460 1443 486 ε
1473 454 1609 496 arva,
1631 438 1776 487 beata

577 514 800 567 petamus
821 528 940 560 arva
960 511 1134 560 divites
1154 514 1204 560 et
1222 511 1425 568 insulaS‚

520 586 678 632 reddit
699 585 781 633 ubi
801 587 1022 634 Cererem
1038 585 1185 632 tellus
1203 585 1400 632 inarata
1418 584 1677 642 quotannis

579 661 628 706 et
648 659 893 716 imputata
912 660 1050 707 floret
1072 673 1221 715 usque
1241 659 1399 715 vinea,

523 733 762 787 germinat
781 735 831 781 et
851 747 1115 789 numquam
1135 732 1352 780 fallentis
1372 733 1553 779 termes
1573 731 1741 788 olivae,

577 822 806 863 suamque
827 807 962 864 pulla
976 806 1095 854 ficus
1116 808 1259 854 ornat
1280 805 1520 863 arborem,

521 880 665 928 mella
683 896 804 928 cava
821 882 1025 927 manant
1045 895 1106 927 ex
1125 879 1249 937 ilice,
1273 879 1517 926 montibus
1536 879 1650 927 altis

575 952 693 1001 levis
713 955 940 1010 crepante
961 951 1162 1010 lympha
1181 952 1341 1000 desilit
1362 951 1498 1008 pede.

520 1026 627 1074 Illic
646 1027 853 1076 iniussae
872 1027 1075 1074 veniunt
1095 1026 1159 1073 ad
1177 1026 1389 1072 mulctra
1408 1025 1634 1081 capellae,

576 1100 818 1156 refertque
839 1102 978 1147 tenta
999 1115 1120 1155 grex
1138 1098 1322 1147 amicus
1342 1098 1496 1146 ubera
1515 1117 1527 1153 3

521 1188 609 1221 nec
629 1174 932 1228 vespertinus
953 1172 1286 1228 circumgemit
1305 1186 1449 1219 ursus
1469 1171 1610 1228 ovile,

575 1261 729 1303 neque
747 1246 1027 1302 intumescit
1047 1246 1151 1293 alta
1170 1244 1348 1301 viperis
1367 1244 1546 1292 humus
1569 1265 1580 1291 ε

520 1320 753 1376 pluraque
774 1320 939 1368 felices
959 1319 1245 1367 mirabimur
1265 1339 1276 1366 z
1305 1321 1362 1365 ut
1381 1332 1536 1375 neque
1555 1317 1705 1373 largis

568 1389 784 1450 *aquosus
805 1393 969 1441 Eurus
990 1409 1110 1441 arva
1129 1393 1273 1440 radat
1292 1392 1544 1448 imbribus,

518 1467 719 1524 pinguia
736 1483 824 1517 nec
845 1467 981 1516 siccis
1001 1468 1213 1515 urantur
1233 1465 1416 1514 semina
1434 1465 1603 1523 glebis,

573 1543 836 1598 utrumque
851 1556 964 1598 rege
983 1542 1291 1598 temperante
1313 1540 1558 1588 caelitum.

519 1616 631 1662 Non
651 1614 746 1661 huc
766 1615 931 1671 Argoo
950 1614 1201 1662 contendit
1222 1613 1404 1670 remige
1424 1613 1578 1670 pinus,

575 1703 727 1742 neque
748 1686 993 1742 impudica
1012 1686 1201 1735 Colchis
1222 1686 1391 1734 intulit
1410 1686 1579 1742 pedem
1604 1705 1615 1742 ς

518 1776 615 1807 non
635 1760 731 1807 huc
752 1759 936 1808 Sidonii
956 1761 1205 1807 torserunt
1225 1775 1409 1808 cornua
1427 1760 1608 1807 nautae

576 1833 812 1880 laboriosa
831 1849 920 1881 nec
940 1834 1110 1881 cohors
1131 1834 1298 1882 Ulixe'i'
1316 1854 1329 1881 ε

518 1906 655 1953 nulla
670 1907 847 1955 ‘nocent
867 1907 1026 1964 pecori
1045 1907 1290 1964 contagia,
1311 1906 1493 1967 nullius
1512 1905 1634 1954 astri

573 1995 771 2036 gregem
790 1982 1014 2028 aestuosa
1027 1982 1191 2028 torret
1210 1981 1513 2036 impotentia.

518 2053 740 2109 Iuppiter
758 2053 847 2101 illa
863 2054 970 2110 piae
990 2054 1196 2102 secrevit
1216 2054 1362 2102 litora
1379 2054 1534 2111 genti,

574 2128 631 2172 ut
650 2127 923 2183 inquinavit
943 2142 1053 2174 aere
1074 2130 1267 2185 tempus
1287 2143 1519 2183 aureum;

519 2214 645 2255 aere,
668 2199 837 2248 dehinc
857 2201 990 2248 ferro
1009 2201 1206 2248 duravit
1226 2201 1435 2259 saecula,
1458 2216 1662 2259 quorum

575 2273 665 2329 piis
687 2273 898 2321 secunda
918 2275 1033 2321 vate
1054 2289 1132 2322 me
1152 2274 1300 2322 datur
1319 2274 1453 2332 fuga.

557 2573 697 2619 [156]
