2109 2975
1053 197 1273 236 HORATI

488 297 730 344 mercator
749 315 760 353 ;
789 296 863 352 tu,
882 294 1130 343 consultus
1151 295 1307 351 modo,
1321 294 1563 342 rusticus:
1593 293 1708 343 hinc
1724 310 1827 353 vos,
1859 301 1864 302 ⁷

488 386 572 417 vos
590 371 703 417 hinc
724 368 926 415 mutatis
945 368 1175 415 discedite
1194 368 1416 424 partibus
1435 389 1446 415 ι
1475 368 1550 415 eia
1570 372 1580 415 Ι

488 443 603 499 quid
623 442 799 489 statis?
817 442 827 460 ’
861 440 1031 488 nolint.
1093 441 1244 497 Atqui
1264 440 1377 488 licet
1397 456 1499 488 esse
1518 440 1691 488 beatis.

408 529 464 559 20
490 516 616 573 Quid
637 530 809 562 causae
830 517 904 562 est
925 515 1099 561 merito
1119 514 1235 570 quin
1250 513 1345 560 illis
1365 514 1588 570 Iuppiter
1607 513 1775 562 ambas

488 589 644 636 iratus
665 588 840 635 buccas
860 587 1012 644 inflet,
1035 602 1188 643 neque
1209 603 1258 634 se
1279 587 1382 634 fore
1401 587 1606 643 posthac

489 664 593 709 tam
621 661 814 708 facilem
836 661 982 718 dicat,
1005 661 1129 707 votis
1150 661 1207 707 ut
1223 661 1453 716 praebeat
1474 664 1676 708 aurem?

489 736 745 792 praeterea
763 749 824 781 ne
845 734 928 790 sic,
951 735 1009 781 ut
1029 734 1113 791 qui
1131 727 1377 791 iocularia,
1399 733 1561 782 ridens

490 823 771 864 percurram
789 828 800 855 z
835 822 1126 863 quamquam
1147 806 1387 854 ridentem
1407 806 1565 855 dicere
1586 821 1757 854 verum

409 897 436 926 2
439 891 464 937 5
488 881 602 936 quid
622 881 789 927 vetat?
817 882 873 926 ut
894 879 1055 935 pueris
1077 879 1190 936 olim
1210 880 1330 928 dant
1350 879 1569 934 crustula
1587 879 1755 928 blaudi

488 955 724 1011 doctores,
746 952 986 1000 elementa
1005 952 1157 999 velint
1177 954 1234 999 ut
1255 949 1436 1000 discere
1455 953 1644 1008 prima:

490 1028 573 1075 sed
593 1030 760 1075 tamen
780 1028 942 1074 amoto
960 1041 1248 1082 quaeramus
1269 1025 1394 1073 seria
1411 1025 1527 1073 ludo
1547 1047 1558 1072 ε

488 1100 569 1147 ille
591 1116 790 1157 gravem
810 1100 932 1148 duro
951 1101 1138 1147 terram
1157 1099 1239 1154 qui
1260 1098 1411 1146 vertit
1432 1100 1615 1156 aratro,

490 1174 701 1229 perfidus
721 1173 799 1219 hic
820 1187 989 1228 caupo,
1012 1172 1149 1217 miles
1169 1173 1443 1227 nautaeque
1462 1188 1550 1228 per
1569 1187 1710 1220 omne

411 1260 466 1303 30
496 1247 700 1294 audaces
720 1260 854 1292 mare
874 1245 956 1300 qui
976 1245 1199 1300 currunt,
1220 1244 1313 1291 hac
1333 1247 1495 1293 mente
1514 1245 1731 1294 laborem

490 1336 592 1368 sese
612 1319 756 1375 ferre,
779 1333 915 1366 senes
936 1318 992 1363 ut
1012 1317 1064 1363 in
1085 1317 1186 1364 otia
1205 1319 1318 1364 tuta
1335 1319 1582 1375 recedant,

489 1394 644 1449 aiunt,
668 1407 778 1439 cum
799 1390 890 1438 sibi
909 1391 1007 1437 sint
1024 1391 1255 1446 congesta
1274 1390 1455 1438 cibaria
1474 1412 1486 1439 z
1515 1392 1640 1439 sicut

488 1466 708 1524 parvula,
729 1479 844 1513 nam
865 1463 1084 1521 exemplo
1104 1465 1197 1521 est,
1218 1464 1386 1519 magni
1405 1464 1609 1512 formica
1627 1463 1806 1513 laboris

489 1554 569 1586 ore
589 1539 745 1587 trahit
765 1539 1100 1595 quodcumque
1120 1540 1281 1594 potest
1301 1539 1448 1593 atque
1467 1539 1605 1586 addit
1624 1554 1815 1596 acervo,

410 1626 466 1673 35
490 1628 631 1669 quem
651 1614 800 1659 struit
818 1611 951 1658 haud
970 1612 1148 1667 ignara
1168 1626 1226 1663 ac
1245 1627 1342 1658 non
1361 1611 1561 1658 incauta
1578 1612 1753 1660 futuri.

491 1686 640 1743 Quae,
662 1685 805 1733 simul
824 1685 1073 1732 inversum
1093 1686 1353 1733 contristat
1372 1685 1616 1740 Aquarius
1636 1701 1840 1743 annum,

487 1774 585 1806 non
604 1774 809 1815 usquam
827 1758 1044 1814 prorepit
1065 1760 1116 1806 et
1135 1759 1231 1805 inis
1251 1758 1412 1805 utitur
1431 1759 1548 1806 ante

487 1832 717 1888 quaesitis
737 1831 929 1888 sapiens
945 1850 959 1889 ;
981 1848 1094 1879 cum
1113 1834 1165 1880 te
1186 1846 1340 1888 neque
1360 1830 1576 1879 fervidus
1591 1832 1757 1879 aestus

486 1900 735 1948 demoveat
754 1900 905 1959 lucro,
922 1916 1077 1957 neque
1095 1901 1296 1957 hiemps,
1310 1900 1452 1957 ignis,
1470 1914 1620 1956 mare,
1637 1900 1839 1957 ferrum,

409 1992 467 2033 40
490 1975 558 2022 nil
586 1975 745 2022 obstet
765 1975 854 2022 tibi
875 1975 990 2022 dum
1009 1991 1072 2023 ne
1092 1975 1157 2021 sit
1177 1976 1227 2021 te
1247 1972 1394 2020 ditior
1413 1972 1555 2021 alter.

490 2048 617 2106 Quid
635 2049 771 2097 iuvat
786 2048 1077 2096 immensum
1095 2049 1147 2094 te
1167 2045 1361 2102 argenti
1380 2045 1567 2101 pondus
1587 2047 1636 2093 et
1656 2046 1763 2093 auri

488 2122 659 2170 furtim
681 2122 872 2170 defossa
900 2122 1127 2169 timidum
1149 2121 1388 2177 deponere
1407 2119 1576 2166 terra?

489 2196 501 2217 ‘
522 2196 658 2252 Quod
679 2196 719 2243 si
740 2196 1037 2243 comminuas
1056 2195 1202 2242 vilem
1221 2193 1471 2249 redigatur
1489 2192 1553 2240 ad
1572 2193 1763 2239 assem.'

487 2270 556 2316 At
569 2269 618 2316 ni
638 2269 688 2316 id
700 2270 773 2326 fit,
788 2269 902 2325 quid
914 2268 1062 2315 habet
1074 2266 1265 2322 pulchri
1282 2267 1591 2312 constructus
1607 2268 1840 2312 acervus?

407 2348 463 2395 45
487 2343 619 2389 milia
639 2341 873 2388 frumenti
892 2343 981 2387 tua
999 2340 1193 2386 triverit
1214 2354 1328 2386 area
1343 2341 1554 2395 centum,

486 2429 584 2461 non
602 2415 717 2460 tuus
737 2412 827 2460 hoc
840 2412 999 2468 capiet
1018 2413 1191 2458 venter
1211 2410 1318 2466 plus
1340 2427 1396 2469 ac
1419 2427 1552 2459 meus
1573 2432 1584 2458 ε
1616 2413 1672 2459 ut
1685 2412 1725 2457 si

1038 2505 1081 2536 38
1120 2501 1272 2542 patiens

583 2560 599 2611 [
619 2562 687 2600 162
706 2561 722 2606 ]
