2109 2975
339 547 396 578 20

357 2301 410 2331 10

980 198 1201 240 HORATI

529 306 635 361 Quo
654 302 786 356 fugit
808 300 991 357 Venus,
1014 299 1128 354 heu,
1150 310 1304 353 quove
1324 294 1456 342 eolor
1470 295 1492 340 Ρ
1531 293 1721 339 Deeeus

528 391 623 433 quo
641 375 838 422 motus?
868 372 996 430 Quid
1014 370 1165 419 habes
1184 367 1331 425 illius,
1352 367 1499 423 illiue,

586 464 710 506 quae
731 445 950 504 spirabat
969 458 1177 501 amorosa,

643 536 767 579 quae
786 536 862 569 me
882 520 1144 575 surpuerat
1163 516 1299 572 mihi,

531 630 649 679 felix
668 630 777 688 post
798 628 1028 678 Cinaram
1049 627 1260 682 notaque
1280 625 1331 672 et
1350 622 1534 671 artium

532 705 787 762 gratarum
806 701 987 751 facies?
1037 699 1133 750 Sed
1154 698 1362 748 Cinarae
1380 696 1552 744 breves

588 792 740 825 annos
760 776 869 824 fata
886 773 1145 830 dederunt,

645 850 902 898 servatura
922 847 1007 895 diu
1024 860 1199 903 parem.

535 957 738 1007 cornicis
757 955 950 1005 vetulae
969 952 1268 1010 temporibus
1289 952 1469 1009 Lycen,

534 1032 731 1089 possent
749 1032 807 1078 ut
825 1030 1021 1077 iuvenes
1040 1028 1198 1075 visere
1217 1025 1393 1073 fervidi

590 1105 746 1153 multo
763 1118 858 1152 non
879 1103 980 1150 sine
1000 1101 1128 1149 risu
1173 1104 1181 1146 ζ

647 1178 881 1234 dilapsam
901 1176 952 1222 in
972 1175 1157 1222 eineres
1176 1174 1351 1221 facem.

1037 1444 1159 1494 xlv

595 1552 752 1608 QUAE
776 1549 893 1596 eura
912 1547 1111 1604 patrum
1130 1557 1313 1600 quaeve
1334 1540 1597 1598 Quiritium

596 1621 749 1679 plenis
767 1621 1006 1669 honorum
1027 1615 1311 1664 muneribus
1336 1616 1469 1670 tuas,

652 1695 894 1751 Auguste,
915 1691 1127 1739 virtutes
1144 1689 1197 1738 in
1215 1702 1388 1738 aevum

708 1781 796 1824 per
814 1763 986 1812 titulos
1006 1775 1334 1818 memoresque
1353 1761 1522 1807 fastos·

597 1874 833 1930 aeternat,
854 1887 898 1929 0,
921 1886 1017 1928 qua
1037 1870 1108 1918 sol
1126 1867 1415 1918 habitabiles

594 1947 813 1996 illustrat
832 1959 958 2003 orae,
980 1945 1190 1993 maxime
1210 1942 1518 1999 principum?

653 2035 796 2077 quem
814 2019 935 2076 legis
954 2019 1177 2074 expertes
1199 2015 1405 2064 Latinae

708 2091 948 2142 Vindelici
968 2090 1174 2140 didicere
1193 2105 1367 2148 nuper,

600 2200 714 2258 quid
743 2199 906 2248 Marte
925 2213 1104 2255 posses.
1165 2196 1325 2244 Milite
1345 2212 1459 2244 nam
1478 2199 1566 2244 tuo

521 2283 525 2287 ’
601 2275 793 2322 Drusus
813 2272 1090 2329 Genaunes,
1108 2269 1419 2327 implacidum
1440 2282 1610 2328 genus,

657 2348 969 2401 Breunosque
988 2344 1175 2393 veloees
1194 2345 1245 2390 et
1263 2358 1400 2392 arces

713 2417 921 2474 Alpibus
939 2415 1193 2472 impositas
1212 2415 1475 2465 tremendis

966 2517 1006 2548 28
1045 2510 1244 2554 delapsam

530 2576 546 2623 [
566 2575 634 2615 128
654 2575 669 2621 ]
