2109 2975
1032 178 1255 219 HORATI

469 279 669 325 ventum
690 277 765 325 est
786 276 1027 332 Esquilias
1047 276 1208 324 aliena
1226 277 1635 334 neg-otia'c'entum

469 366 557 407 per
575 352 723 407 caput
744 351 794 398 et
813 349 943 398 circa
962 350 1146 398 saliunt
1166 350 1315 398 latus.
1378 349 1540 399 ‘Ante
1560 350 1826 399 secundam

389 437 444 484 35
468 424 671 471 Roscius
690 423 862 471 orabat
884 423 974 471 sibi
992 424 1184 474 adesses
1204 424 1269 472 ad
1294 423 1470 472 Puteal
1489 426 1633 473 cras!

471 497 484 519 ‘
498 497 575 545 De
595 512 647 545 re
668 497 911 548 communi
931 496 1118 549 scribae
1137 512 1319 555 magna
1335 499 1484 554 atque
1503 513 1630 547 nova
1647 499 1699 545 te
1748 539 1751 546 ,

468 569 675 618 orabant
695 569 833 617 hodie
852 569 1171 628 meminisseS,
1195 570 1393 628 Quinte,
1414 569 1632 619 reverti.'

470 643 483 665 ⁶
498 644 758 701 Imprimat
776 643 868 700 his,
890 659 1024 701 cura,
1046 644 1306 693 Maecenas
1326 643 1466 701 signa
1483 643 1708 692 tabellis.’

470 717 681 775 DixeriS,
700 717 713 739 ‘
725 716 962 773 Experiar
983 738 993 764 :
1012 718 1022 737 '
1060 718 1071 738 ‘
1090 717 1141 765 Si
1153 717 1243 774 viS,
1257 717 1430 774 potes,’
1442 717 1578 764 addit
1587 718 1638 765 et
1652 717 1827 765 instat.

388 809 445 849 40
472 790 717 847 Septimus
734 792 908 839 octavo
926 789 1125 846 propior
1143 790 1242 836 iam
1261 788 1448 847 fugerit
1469 796 1628 837 annus

470 879 531 911 ex
550 878 644 921 quo
664 864 921 912 Maecenas
941 878 1017 911 me
1038 864 1199 924 coepit
1217 862 1396 911 habere
1417 877 1616 910 suorum

470 938 522 984 in
542 952 742 985 numero
759 956 773 994 ;
804 937 1064 984 dumtaxat
1084 936 1148 984 ad
1167 935 1275 993 hoc,
1296 950 1438 992 quem
1459 935 1632 997 tollere
1651 934 1827 987 raeda.

470 1009 619 1058 vellet
636 1010 732 1058 iter
750 1009 938 1067 faciens
958 1012 1009 1058 et
1030 1008 1109 1058 cui
1130 1009 1421 1057 concredere
1441 1023 1598 1065 nugas

469 1083 560 1132 hoc
580 1099 766 1140 genus·
797 1083 966 1131 ‘Hora
983 1084 1135 1140 quota
1163 1083 1272 1131 est?
1331 1081 1500 1129 Thrax
1525 1083 1602 1129 est
1631 1081 1829 1131 Gallina

584 1157 704 1213 Syro
722 1158 843 1213 par?

388 1240 445 1288 45
470 1231 721 1279 Matutina
740 1245 911 1286 parum
934 1228 1136 1277 cautos
1123 1244 1222 1276 iam
1241 1228 1429 1286 frigora
1449 1227 1705 1276 mordent.

469 1306 520 1352 et
540 1318 662 1361 quae
680 1303 861 1351 rimosa
879 1303 1001 1351 bene
1020 1303 1366 1359 deponuntur
1352 1318 1405 1350 m
1426 1316 1565 1352 aure

470 1378 569 1425 Per
586 1378 747 1425 totum
766 1377 857 1425 hoc
875 1380 1068 1433 tempus
1090 1375 1381 1424 subiectior
1367 1391 1421 1423 m
1440 1376 1566 1424 diem
1586 1376 1638 1423 et
1656 1373 1830 1424 horam

468 1450 678 1500 invidiae
696 1451 877 1499 noster.
936 1450 1101 1498 Ludos
1121 1450 1430 1507 spectaverat
1450 1464 1567 1508 una,

472 1525 658 1572 luserat
676 1524 727 1572 in
747 1539 947 1580 campo:
978 1523 991 1545 ‘
1007 1524 1258 1571 Fortunae
1278 1522 1406 1570 filius
1425 1526 1435 1570 !
1453 1522 1465 1543 '
1495 1537 1676 1570 omneS.

395 1615 449 1661 50
473 1598 702 1655 Frigidus
722 1613 753 1644 a
771 1597 964 1645 Rostris
984 1599 1156 1645 manat
1176 1611 1264 1653 per
1283 1596 1498 1653 compita
1516 1611 1683 1644 rumor
1703 1617 1714 1643 ε

472 1671 759 1728 quicumque
768 1671 937 1719 obvius
949 1673 1025 1720 est
1038 1685 1115 1718 me
1129 1670 1337 1718 consulit
1358 1690 1369 1718 z
1401 1669 1414 1692 ‘
1432 1669 1476 1717 Ο
1495 1668 1634 1726 bone,
1652 1684 1768 1717 nam
1781 1670 1832 1717 te

472 1745 594 1793 scire
614 1744 726 1792 deos
746 1745 973 1802 quoniam
994 1744 1192 1800 propius
1213 1742 1455 1800 contingis
1475 1744 1666 1799 oportet
1683 1762 1696 1798 ;

477 1818 709 1876 numquid
724 1819 783 1867 de
793 1819 942 1866 Dacis
957 1818 1141 1867 audisti
1155 1820 1175 1866 Ρ
1189 1818 1200 1839 ’
1261 1817 1348 1866 Nil
1359 1816 1595 1872 equidem.
1658 1815 1670 1837 ‘
1687 1816 1761 1863 Ut
1772 1818 1832 1863 tu

473 1908 664 1950 semper
681 1892 775 1940 eris
793 1893 977 1940 derisor
997 1896 1007 1939 Ξ
1026 1892 1039 1912 ’
1101 1892 1171 1938 At
1191 1904 1358 1938 omnes
1381 1889 1432 1937 di
1451 1888 1704 1945 exagitent
1725 1903 1804 1936 me

393 1978 447 2024 55
473 1966 514 2013 si
533 1966 802 2023 quicquam.
863 1965 876 1986 ‘
894 1964 1039 2021 Quid,
1062 1963 1297 2012 militibus
1316 1963 1555 2022 promissa
1569 1961 1834 2017 Triquetra

471 2039 670 2097 praedia
688 2039 865 2088 Caesar
884 2054 950 2085 an
968 2040 1044 2085 est
1065 2038 1199 2085 Itala
1216 2036 1396 2084 tellure
1416 2035 1659 2084 daturus?
1676 2036 1688 2055 ’

470 2114 725 2162 Iurantem
744 2127 821 2159 me
840 2112 960 2160 scire
976 2111 1099 2159 nihil
1117 2111 1359 2158 mirantur
1378 2110 1435 2157 ut
1453 2124 1606 2157 unum

472 2186 653 2234 scilicet
673 2185 858 2243 egregii
877 2184 1138 2233 mortalem
1159 2183 1344 2246 altique
1365 2182 1567 2234 silenti

472 2259 704 2306 Perditur
717 2259 837 2306 haec
858 2259 990 2306 inter
1008 2258 1186 2305 misero
1206 2256 1293 2303 lux
1313 2270 1411 2303 non
1431 2255 1534 2303 sine
1555 2255 1714 2303 votis.

394 2340 453 2383 60
475 2333 517 2381 Ο
536 2348 639 2390 rus,
660 2332 849 2388 quando
868 2347 958 2390 ego
978 2332 1029 2378 te
1051 2330 1321 2386 aspiciam?
1350 2328 1635 2385 quandoque
1654 2327 1819 2376 licebit

473 2421 603 2454 nunc
622 2408 843 2454 veterum
863 2403 1016 2460 libris,
1030 2414 1163 2451 nunc
1177 2417 1345 2450 somno
1356 2403 1406 2450 et
1422 2401 1662 2450 inertibus
1679 2401 1827 2456 horis,

473 2479 647 2529 ducere
667 2477 899 2526 sollicitae
918 2475 1132 2524 iucunda
1150 2475 1331 2524 oblivia
1348 2474 1512 2523 vitae?

568 2552 712 2605 1226]
