2109 2975
776 204 1116 247 SATIRARUM
1154 207 1187 247 1.
1212 216 1243 248 v

323 301 576 359 sentimus,
592 303 742 351 donec
762 303 1044 352 cerebrosus
1065 304 1254 361 prosilit
1274 320 1399 353 unus

322 390 380 422 ac
400 375 560 423 mulae
579 377 853 433 nautaeque
873 380 1023 434 caput
1043 378 1324 435 lumbosque
1346 379 1535 435 saligno

322 448 456 495 fuste
475 449 624 497 dolat.
686 450 874 507 Quarta
893 451 974 498 vix
994 452 1187 499 demum
1207 453 1495 509 exponimur
1512 453 1648 500 hora.

324 521 426 568 Ora
445 537 712 578 manusque
730 524 820 570 tua
839 523 1064 581 lavimus,
1086 524 1311 582 Feronia,
1334 526 1545 583 lympha.

241 597 298 643 25
323 594 465 641 Milia
482 597 591 642 tum
609 596 776 651 pransi
795 596 894 643 tria
913 597 1128 652 repimus
1147 599 1293 654 atque
1312 598 1528 645 subimus

320 667 602 723 impositum
623 669 752 715 saxis
771 669 870 716 late
890 670 1208 717 candentibus
1231 672 1418 719 Anxur.

323 742 438 789 Huc
457 743 695 789 venturus
715 744 823 789 erat
842 744 1101 790 Maecenas
1121 743 1332 799 optimus
1353 747 1499 801 atque

323 814 568 872 Cocceius,
589 815 724 862 missi
744 816 932 871 magnis
953 816 1011 863 de
1031 816 1175 863 rebus
1197 819 1399 874 uterque

322 887 489 946 legati,
511 903 708 936 aversos
729 889 858 936 soliti
878 904 1163 945 componere
1181 890 1377 938 amicos‚

239 971 297 1013 30
321 961 421 1008 Hic
440 962 591 1009 oculis
611 977 700 1019 ego
719 962 861 1018 nigra
879 963 998 1009 meis
1025 961 1224 1019 collyria
1242 963 1402 1019 lippus

319 1033 524 1081 illinere.
585 1034 783 1081 Interea
801 1035 1057 1082 Maecenas
1078 1035 1274 1083 advenit
1294 1039 1440 1093 atque

323 1107 549 1154 Cocceius
569 1107 839 1163 Capitoque
858 1107 1001 1155 simul
1021 1108 1271 1166 Fonteius,
1293 1110 1357 1157 ad
1375 1125 1588 1166 unguem

321 1175 483 1223 factus
504 1176 662 1233 homo,
684 1177 871 1224 Antoni
889 1192 985 1224 non
1003 1180 1062 1225 ut
1082 1179 1237 1235 magis
1257 1178 1385 1226 alter
1404 1180 1602 1229 amicus.

322 1249 521 1297 Fundos
540 1250 736 1297 Aufidio
754 1251 912 1298 Lusco
930 1254 1158 1307 praetore
1179 1251 1388 1299 libenter

239 1327 296 1373 35
321 1323 600 1380 linquimus,
620 1323 781 1370 insani
799 1324 1010 1372 ridentes
1031 1326 1249 1380 praemia
1267 1326 1469 1382 scribae,

322 1398 628 1453 praetextam
648 1398 699 1445 et
718 1396 876 1443 latum
897 1397 1089 1444 clavum
1110 1413 1389 1454 prunaeque
1407 1399 1651 1447 vatillum.

321 1471 384 1518 In
405 1470 770 1518 Mamurrarum
790 1469 906 1518 lassi
923 1470 1095 1519 deinde
1114 1471 1234 1519 urbe
1254 1485 1519 1531 manemus,

323 1544 532 1591 Murena
550 1545 812 1600 praebente
831 1537 1045 1602 domuin,
1068 1545 1302 1601 Capitone
1322 1546 1546 1595 culinam.

323 1616 529 1664 Postera
546 1616 632 1663 lux
650 1616 810 1663 oritur
828 1616 983 1664 multo
1003 1617 1310 1676 gratissima3
1340 1633 1549 1675 namque

240 1701 300 1742 40
323 1691 513 1738 Plotius
532 1691 583 1737 et
603 1689 782 1738 Varius
803 1690 1056 1739 Sinuessae
1072 1692 1411 1750 Vergiliusque

321 1762 603 1820 occurrunt,
625 1762 817 1810 animae
835 1763 1000 1819 quales
1019 1779 1174 1820 neque
1194 1765 1494 1814 candidiores

320 1839 458 1885 terra
476 1836 593 1884 tulit
613 1851 766 1893 neque
785 1836 891 1893 quis
911 1851 988 1884 me
1007 1837 1073 1884 sit
1092 1838 1361 1887 devinctior
1380 1840 1523 1888 alter.

322 1910 366 1957 Ο
387 1909 470 1966 qui
489 1910 765 1965 complexus
784 1911 834 1958 et
853 1911 1032 1967 gaudia
1049 1914 1236 1967 quanta
1251 1912 1481 1961 fuerunt!

324 1983 409 2031 Nil
428 1998 518 2039 ego
536 1982 824 2030 contulerim
843 1983 1053 2031 iucundo
1075 2000 1221 2032 sanus
1241 1986 1411 2034 amico.

244 2065 302 2111 45
326 2056 556 2104 Proxima
575 2057 822 2112 Campano
841 2058 977 2113 ponti
996 2073 1119 2114 quae
1137 2058 1322 2117 villula,
1341 2061 1528 2108 tectum

326 2129 567 2186 praebuit,
588 2131 640 2177 et
660 2130 858 2186 parochi
876 2147 997 2186 quae
1017 2131 1195 2179 debent
1209 2132 1345 2189 ligna
1363 2133 1621 2191 salemque.

324 2202 457 2250 Hinc
474 2202 596 2249 muli
616 2203 811 2258 Capuae
833 2204 1039 2252 clitellas
1057 2206 1276 2261 tempore
1296 2206 1499 2262 ponunt.

323 2277 508 2323 Lusum
527 2275 568 2323 it
589 2276 863 2333 Maecenas,
885 2277 1149 2324 dormitum
1169 2293 1257 2334 ego
1275 2279 1612 2336 Vergiliusque
1632 2297 1645 2335 ς

322 2364 530 2405 namque
550 2348 650 2406 pila
668 2349 812 2406 lippis
831 2349 1081 2397 inimicum
1102 2352 1152 2398 et
1171 2350 1336 2399 ludere
1356 2353 1534 2400 crudis.

243 2434 301 2480 50
324 2422 457 2471 Hinc
475 2436 562 2469 nos
584 2422 754 2471 Coccei
771 2422 947 2479 recipit
966 2423 1248 2480 plenissima
1266 2425 1399 2482 villa,

427 2567 446 2615 [
465 2514 506 2547 40
546 2510 747 2616 girgillus,
761 2512 806 2547 ut
822 2509 958 2553 ubique
974 2511 1116 2555 optimi
1129 2521 1173 2548 ex
1189 2512 1293 2549 codd.
1311 2512 1545 2550 Horatianis

469 2569 535 2609 ²81
