2109 2975
999 196 1220 235 HORATI

1057 432 1178 479 XIV

574 549 742 595 Emm
763 548 979 606 ὶαςαοοει,
1002 548 1251 605 Postume,
1275 549 1521 605 Postume,

571 621 807 670 labuntur
824 621 940 669 anni
956 636 1046 669 nec
1062 621 1217 677 pietas
1235 636 1422 668 moram

632 695 767 753 rugis
789 696 839 744 et
859 695 1065 743 instanti
1084 696 1306 743 senectae

688 769 862 817 afferet
882 768 1237 824 indomitaeque
1256 768 1431 814 morti:

385 907 410 953 5
576 907 689 949 non,
712 891 752 938 si
772 890 995 949 treceniS,
1017 892 1254 948 quotquot
1273 893 1392 939 eunt
1412 890 1529 947 dies,

576 964 747 1022 amice,
768 964 929 1022 places
948 964 1331 1012 illacrimabilem

636 1038 846 1085 Plutona
864 1038 1035 1096 tauris,
1059 1037 1140 1094 qui
1158 1040 1234 1085 ter
1253 1038 1468 1094 amplum

685 1112 939 1167 Geryonen
960 1111 1231 1168 Tityonque
1250 1112 1385 1159 tristi

573 1234 834 1291 compescit
853 1235 1003 1292 unda,
1024 1234 1206 1283 scilicet
1225 1234 1465 1293 omnibus,

356 1319 409 1349 10
579 1307 866 1364 quicumque
885 1309 1048 1356 terrae
1069 1324 1267 1357 munere
1288 1308 1544 1366 vescimur,

631 1380 950 1438 enaviganda,
972 1380 1072 1427 sive
1091 1396 1229 1438 reges

688 1453 787 1502 sive
807 1453 970 1511 inopes
990 1454 1170 1502 erimus
1189 1454 1362 1505 coloni.

571 1578 783 1626 Frustra.
801 1580 1003 1627 cruento
1022 1579 1188 1626 Marte
1207 1579 1475 1627 carebimus

574 1652 839 1707 fractisqm
860 1651 996 1699 rauci
1015 1651 1243 1699 fluctibus
1262 1652 1496 1710 Hadriae,

355 1728 404 1774 15
626 1725 814 1772 frustra
834 1739 922 1780 per
941 1725 1201 1773 autumnos
1219 1728 1470 1775 nocentem

685 1796 964 1854 corporibus
983 1799 1256 1846 metuemus
1275 1800 1513 1847 Austrum
1536 1820 1547 1847 z

570 1922 796 1969 visendus
816 1923 924 1970 ater
944 1921 1142 1971 flumine
1160 1921 1393 1981 languido

574 1995 778 2051 Cocytos
798 2009 966 2042 errans
985 1997 1036 2042 et
1056 1994 1219 2043 Danai
1239 2009 1393 2053 genus

627 2067 808 2115 infame
829 2069 1181 2124 damnatusque
1198 2068 1334 2125 longi

351 2163 408 2193 20
683 2141 915 2198 Sisyphus
935 2141 1159 2190 Aeolides
1180 2141 1376 2191 laboriS.

572 2265 861 2322 Linquenda,
878 2266 1025 2314 tellus
1044 2269 1096 2314 et
1116 2266 1288 2314 domus
1307 2267 1359 2314 et
1378 2263 1574 2322 placens

569 2355 709 2398 uxor,
735 2355 890 2397 neque
908 2339 1103 2394 harum,
1124 2354 1243 2395 quas
1264 2339 1396 2396 colis,
1417 2338 1645 2387 arborum

627 2417 677 2461 te
698 2415 896 2471 praeter
913 2412 1095 2459 invisas
1116 2427 1368 2469 cupressos

680 2486 784 2534 ulla
802 2486 996 2534 brevem
1017 2485 1264 2534 dominum
1286 2487 1531 2542 sequetur.

524 2558 541 2604 t
561 2560 642 2607 60]
