2109 2975
733 208 1070 251 SATIRARUM
1104 211 1160 251 11.
1188 219 1221 250 11

294 324 498 368 aegrum
515 307 744 356 sollicitet
765 309 1086 367 stomachum,
1107 325 1218 358 cum
1239 307 1414 366 ra‘pula
1431 301 1601 366 plemis
1651 302 1656 308 ’

295 385 442 439 atque
462 383 625 430 acidas
646 383 833 430 mavult
844 383 1019 430 inulas,
1081 384 1302 431 Necdum
1315 384 1470 431 omnis
1484 383 1658 431 abacta

212 474 241 514 4
244 469 271 514 5
297 456 551 512 pauperies
570 455 724 512 epulis
743 471 944 515 regum3
974 472 1088 503 nam
1108 456 1282 504 vilibus
1303 457 1405 505 ovis

296 529 545 585 nigrisque
564 530 640 576 est
658 529 775 577 oleis
795 529 933 577 hodie
954 529 1103 577 locus.
1164 530 1315 577 Haud
1333 530 1407 577 ita
1427 530 1614 585 pridem

298 602 492 650 Galloni
512 603 759 659 praeconis
778 605 883 651 erat
903 603 1181 659 acipensere
1203 619 1369 651 mensa

296 674 520 795 infamisl.)
592 676 754 733 Quid?
800 678 920 724 tunc
958 677 1187 724 rhombos
1237 676 1397 724 minus
1451 692 1660 733 aequora

412 750 486 796 ale
520 750 645 798 aut?

302 818 462 864 Tutus
482 819 589 865 erat
609 817 840 867 rhombus
859 822 1063 875 tutoque
1083 819 1267 867 ciconia
1287 819 1402 866 nido

218 906 276 951 50
301 890 447 937 donee
466 905 551 937 vos
571 893 746 939 auctor
766 893 929 940 docuit
948 893 1236 948 praetorius,
1298 893 1434 949 Ergo

300 962 341 1010 si
360 963 466 1019 quis
487 979 615 1011 nunc
636 979 825 1021 mergos
844 980 1014 1013 suaves
1033 965 1238 1013 edixerit
1256 981 1404 1022 assos,

302 1035 490 1092 parebit
509 1036 649 1092 pravi
669 1037 835 1084 docilis
853 1039 1079 1086 Romana
1095 1038 1339 1085 iuventus.

303 1109 536 1157 Sordidus
555 1125 588 1157 a
604 1111 742 1158 tenui
761 1112 894 1160 victu
912 1111 1129 1168 distabit,
1153 1111 1312 1159 Ofello

301 1182 486 1239 iudice3
516 1198 631 1231 nam
650 1183 841 1232 frustra
857 1184 1030 1231 vitium
1048 1185 1280 1232 vitaveris
1298 1184 1419 1230 illud

225 1276 252 1323 5
254 1279 282 1325 5
304 1255 347 1302 si
365 1257 416 1303 te
438 1255 533 1303 alio
551 1271 758 1312 pravum
777 1256 1051 1305 detorseris.
1112 1257 1391 1313 Avidienus,

306 1329 385 1377 cui
405 1329 551 1377 Canis
578 1345 638 1377 ex
652 1345 770 1378 vero
787 1330 986 1377 ductum
1007 1345 1273 1388 cognomen
1292 1329 1541 1385 adhaeret,

303 1403 634 1459 quinquennes
654 1403 783 1451 oleas
802 1406 877 1452 est
896 1405 946 1450 et
966 1404 1208 1451 silvestria
1226 1419 1388 1460 corna,

303 1494 360 1526 ae
380 1476 473 1525 nisi
492 1479 734 1526 mutatum
754 1477 913 1535 parcit
931 1478 1193 1527 defundere
1212 1477 1395 1535 vinum,
1419 1480 1468 1525 et

303 1551 441 1598 euius
458 1551 656 1599 odorem
674 1552 765 1600 olei
784 1567 991 1609 nequeas
1011 1553 1242 1609 perferre,
1264 1551 1426 1599 licebit

222 1630 282 1674 60
302 1624 384 1671 ille
404 1625 593 1680 repotia
609 1624 799 1673 natales
818 1625 996 1673 aliosve
1015 1625 1203 1673 dierum

304 1698 455 1744 festos
474 1696 669 1745 albatus
688 1698 912 1755 celebret,
935 1714 1086 1746 cornu
1103 1698 1208 1755 ipse
1225 1697 1384 1745 bilibri

306 1770 525 1818 caulibus
542 1770 766 1829 instillat,
787 1772 965 1819 veteris
983 1788 1082 1820 non
1102 1788 1275 1829 parcus
1295 1771 1437 1819 aceti.

307 1844 450 1902 Quali
469 1844 622 1901 igitur
639 1845 773 1892 victu
793 1845 984 1901 sapiens
999 1847 1186 1902 utetur,
1208 1848 1258 1892 et
1277 1846 1451 1892 horum

306 1921 475 1965 utrum
506 1917 809 1965 imitabitur?
868 1919 975 1966 Hae
1006 1921 1151 1976 urget
1190 1919 1350 1973 lupus,
1384 1917 1475 1963 hac
1515 1915 1665 1971 canis,

420 1990 577 2038 aiunt.

227 2068 284 2122 65
308 2064 523 2111 Mundus
542 2063 638 2111 erit'
655 2079 752 2119 qua
770 2079 866 2111 non
885 2062 1103 2113 offendat
1123 2062 1358 2120 sordibus,
1381 2064 1528 2118 atqne

307 2139 357 2186 in
377 2139 605 2187 neutram
618 2143 807 2195 partem
823 2139 983 2187 cultus
997 2140 1158 2188 miser.
1219 2140 1315 2186 Hic
1329 2153 1484 2194 neque
1499 2136 1666 2191 servis,

309 2211 484 2259 Albuci
505 2210 630 2259 senis
651 2212 884 2269 exemplo,
907 2212 1021 2259 dum
1044 2212 1209 2259 mimia
1228 2212 1351 2259 didit

310 2300 480 2332 saevus
499 2285 623 2342 erit3
652 2301 742 2333 nec
762 2285 829 2333 sic
849 2286 906 2332 ut
926 2285 1128 2341 simplex
1150 2285 1364 2332 Naevius
1384 2286 1585 2332 unctam

310 2358 522 2405 convivis
569 2357 818 2415 praebebit
865 2373 1039 2415 aquam
1061 2377 1073 2415 3
1122 2358 1295 2406 vitium
1346 2359 1434 2405 hoc
1484 2371 1670 2413 quoque

422 2446 670 2487 magnum.

452 2524 491 2554 53
532 2520 705 2555 dismbat
720 2519 824 2555 codd.
840 2521 1013 2562 pler-&me
1294 2525 1332 2555 56
1373 2521 1522 2555 dictum
1580 2566 1583 2571 ,

410 2577 427 2624 [
447 2577 553 2627 203]
1438 2580 1453 2626 [
1472 2588 1499 2618 o
1517 2590 1538 2626 5
1558 2581 1572 2626 J
