2109 2975
745 210 1158 254 EPISTULARUM
1197 211 1256 252 II.
1282 221 1299 250 ῐ

337 311 638 369 miraturque
657 309 778 359 nihil
797 310 891 359 nisi
910 309 1039 366 quod
1059 308 1276 357 Libitina
1295 308 1523 358 sacravit.

258 386 313 432 50
337 384 527 432 Ennius
546 387 596 433 et
618 383 809 441 sapiens
829 385 880 431 et
899 383 1044 431 fortis
1063 384 1115 431 et
1135 382 1264 431 alter
1283 382 1550 440 HomeruS,

337 460 394 506 ut
416 458 571 507 critici
592 458 779 514 dicunt,
801 457 974 506 leviter
993 472 1167 504 curare
1185 456 1381 505 videtur

338 543 432 584 quo
450 528 688 584 promissa
708 527 887 576 cadant
906 527 957 573 et
978 525 1164 573 somnia
1185 524 1510 582 Pythagorea.

337 600 552 649 Naevius
570 601 622 649 in
643 600 865 648 manibus
880 614 978 647 non
998 600 1076 647 est
1094 600 1146 646 et
1165 598 1409 647 mentibus
1430 598 1599 646 haeret

338 690 490 732 paene
528 677 726 722 recens?
801 673 939 721 Adeo
978 673 1203 720 sanctum
1245 673 1323 719 est
1370 672 1511 719 vetus
1551 686 1692 719 omne

452 763 637 804 poema.

260 826 316 876 55
340 820 624 880 Ambigitur
642 821 881 877 quotiens,
902 821 1015 868 uter
1034 820 1150 867 utro
1169 818 1234 867 sit
1253 818 1404 876 prior,
1426 817 1592 867 aufert

341 893 582 942 Pacuvius
602 894 733 943 docti
751 894 936 942 famam
957 894 1102 950 senis,
1124 893 1303 941 Accius
1324 891 1430 949 alti,

337 968 517 1015 dicitur
535 967 713 1015 Afrani
731 969 849 1024 toga
867 967 1147 1015 convenisse
1166 965 1455 1022 Menandro,

338 1041 545 1088 Plautus
566 1041 627 1089 ad
647 1040 896 1096 exemplar
908 1039 1060 1088 Siculi
1079 1053 1338 1096 properare
1360 1038 1661 1096 Epicharmi,

336 1114 528 1162 vincere
547 1113 785 1162 Caecilius
803 1112 1066 1170 gravitate,
1088 1112 1345 1160 Terentius
1365 1114 1489 1160 arte.

254 1189 313 1234 60
337 1187 443 1235 Hos
463 1186 633 1235 ediscit
651 1187 702 1235 et
720 1185 809 1234 hos
828 1187 938 1233 arto
957 1185 1142 1241 stipata
1160 1184 1357 1233 theatro

337 1262 528 1317 spectat
573 1260 732 1307 Roma
779 1260 953 1316 potens
977 1277 991 1317 ς
1039 1258 1189 1307 habet
1236 1258 1322 1305 hos
1370 1259 1693 1317 numeratque

449 1335 618 1390 po‘e'tas

336 1407 398 1455 ad
416 1408 638 1455 nostrum
656 1408 850 1462 tempus
869 1404 979 1453 Livi
1000 1404 1246 1460 scriptoris
1266 1404 1328 1452 ab
1348 1420 1481 1453 aevo.

337 1481 595 1530 Interdum
614 1479 791 1538 vulgus
810 1480 1001 1528 rectum
1021 1478 1173 1536 videt,
1196 1479 1270 1526 est
1291 1477 1374 1526 ubi
1394 1480 1578 1535 peccat.

337 1556 390 1604 Si
409 1556 597 1603 veteres
617 1555 690 1603 ita
708 1553 920 1601 miratur
939 1552 1204 1608 laudatque
1225 1554 1394 1609 po'e'tas

254 1630 311 1683 65
335 1631 394 1676 ut
412 1629 533 1676 nihil
553 1628 815 1685 anteferat,
837 1626 960 1674 nihil
978 1625 1074 1672 illis
1091 1627 1354 1682 comparet,
1376 1626 1510 1674 errat
1530 1646 1541 1674 ι

337 1703 378 1750 si
397 1702 632 1758 quaedam
652 1701 796 1748 nimis
817 1700 1032 1756 antique,
1055 1699 1097 1746 si
1116 1697 1345 1756 pleraque
1365 1699 1485 1747 dure

338 1775 497 1823 dicere
519 1774 673 1823 credit
693 1789 790 1831 eos,
812 1773 989 1830 ignave
1008 1772 1168 1820 multa
1186 1773 1393 1830 fatetur,

336 1849 388 1895 et
409 1848 535 1903 sapit
556 1848 606 1894 et
626 1861 813 1894 mecum
834 1846 955 1893 facit
974 1848 1026 1893 et
1047 1846 1163 1893 Iove
1181 1845 1364 1892 iudicat
1383 1860 1551 1902 aequo.

336 1922 450 1969 Non
470 1920 690 1978 equidem
710 1920 921 1968 insector
941 1919 1204 1967 delendave
1226 1920 1444 1967 carmina
1463 1919 1573 1967 Livi

254 2011 314 2053 70
337 2010 440 2042 esse
458 2010 584 2051 reor,
608 1993 804 2041 memini
825 2009 948 2050 quae
969 1993 1226 2049 plagosum
1247 1992 1366 2039 mihi
1387 2007 1539 2049 parvo

339 2068 579 2116 Orbilium
599 2067 783 2116 dictare
808 2086 820 2124 ς
852 2068 936 2114 sed
956 2066 1213 2114 emendata
1231 2066 1385 2113 videri

339 2140 634 2199 pulchraque
655 2143 705 2189 et
725 2140 908 2189 exactis
930 2140 1185 2187 minimum
1205 2139 1440 2187 distantia
1460 2139 1640 2198 miror;

337 2214 467 2262 inter
485 2230 609 2271 quae
628 2214 829 2262 verbum
849 2214 1044 2261 emicuit
1066 2214 1108 2260 si
1121 2213 1251 2261 forte
1271 2213 1512 2271 decorum,
1536 2215 1587 2261 et

340 2288 381 2334 si
399 2302 565 2335 versus
587 2288 731 2344 paulo
750 2288 1024 2335 concinnior
1043 2303 1169 2334 unus
1185 2290 1235 2336 et
1253 2286 1394 2344 alter,

258 2368 316 2416 75
341 2361 519 2408 iniuste
538 2363 697 2409 totum
718 2361 853 2408 ducit
871 2361 1133 2418 venditque
1153 2363 1338 2418 po'e‘ma.

341 2435 578 2491 Indignor
598 2434 850 2491 quicquam
872 2435 1176 2492 reprehendi,
1198 2450 1295 2482 non
1316 2434 1429 2490 quia
1447 2448 1609 2482 crasse

342 2507 658 2563 compositum
678 2508 929 2565 illepideve
949 2511 1169 2564 putetur,
1192 2509 1274 2556 sed
1295 2508 1407 2564 quia
1425 2522 1611 2565 nuper3

441 2581 581 2630 [275]
